%% This BibTeX bibliography file was created using BibDesk.
%% http://bibdesk.sourceforge.net/


%% Created for Ari at 2016-05-22 15:42:55 -0400 


%% Saved with string encoding Unicode (UTF-8) 



@misc{VN:2013,
	Date-Added = {2016-05-22 19:42:54 +0000},
	Date-Modified = {2016-05-22 19:42:54 +0000},
	Howpublished = {Slashdot},
	Journal = {Slashdot},
	Title = {Cornell Researchers Unveil a Virtual Notary},
	Year = {20 June 2013}}

@misc{VN:2016,
	Author = {A. Kelkar and J. Bernard and S. Joshi and S. Premkumar and E. G. Sirer},
	Date-Added = {2016-05-22 19:42:54 +0000},
	Date-Modified = {2016-05-22 19:42:54 +0000},
	Howpublished = {\url{http://virtual-notary.org/}},
	Title = {{Virtual Notary}},
	Year = {2016}}

@article{yellowpaper,
	Author = {Wood, Gavin},
	Journal = {Ethereum Project Yellow Paper},
	Title = {Ethereum: A secure decentralised generalised transaction ledger},
	Year = {2014}}

@misc{whitepaper,
	Author = {Buterin, Vitalik},
	Howpublished = {\url{https://github.com/ethereum/wiki/wiki/White-Paper}},
	Title = {Ethereum: A next-generation smart contract and decentralized application platform},
	Year = {2014}}

@misc{geth,
	Author = {Ethereum},
	Howpublished = {\url{https://github.com/ethereum/go-ethereum}},
	Title = {{go-ethereum}}}

@misc{mbedtls,
	Author = {{ARM Limited}},
	Howpublished = {\url{https://tls.mbed.org/}},
	Title = {{mbed TLS (formerly known as PolarSSL)}}}

@misc{GreenspanCoinDesk,
	Author = {Gideon Greenspan},
	Howpublished = {\url{http://www.coindesk.com/three-smart-contract-misconceptions/}},
	Title = {Why Many Smart Contract Use Cases Are Simply Impossible}}
