%% This BibTeX bibliography file was created using BibDesk.
%% http://bibdesk.sourceforge.net/


%% Created for Ari at 2016-02-16 22:34:19 -0500 


%% Saved with string encoding Unicode (UTF-8) 



@inproceedings{chen2010side,
	Author = {Chen, Shuo and Wang, Rui and Wang, XiaoFeng and Zhang, Kehuan},
	Booktitle = {Security and Privacy (SP), 2010 IEEE Symposium on},
	Date-Added = {2016-02-17 03:33:27 +0000},
	Date-Modified = {2016-02-17 03:33:27 +0000},
	Organization = {IEEE},
	Pages = {191--206},
	Title = {Side-channel leaks in web applications: A reality today, a challenge tomorrow},
	Year = {2010}}

@misc{steam,
	Howpublished = {\url{http://store.steampowered.com/}},
	Title = {Steam online gaming platform}}

@inproceedings{haven,
	Author = {Baumann, Andrew and Peinado, Marcus and Hunt, Galen},
	Booktitle = {OSDI},
	Title = {Shielding Applications from an Untrusted Cloud with Haven},
	Year = {2014}}

@misc{shihardwaretalk,
	Author = {Elaine Shi},
	Howpublished = {Talk at the DIMACS Workshop on Cryptography and Big Data},
	Title = {Trusted Hardware: Life, the Composable University, and Everything},
	Year = 2015}

@inproceedings{vc3,
	Author = {Felix Schuster and Manuel Costa and Cedric Fournet and Christos Gkantsidis and Marcus Peinado and Gloria Mainar-Ruiz and Mark Russinovich},
	Booktitle = {IEEE S\& P},
	Title = {{VC3}: Trustworthy Data Analytics in the Cloud},
	Year = 2015}

@misc{augur,
	Date-Modified = {2016-02-17 00:50:21 +0000},
	Howpublished = {Referenced Feb.~2016 at \url{http://www.augur.net/}},
	Title = {Augur}}

@misc{schellingcoin,
	Author = {Vitalik Buterin},
	Howpublished = {\url{https://blog.ethereum.org/2014/03/28/schellingcoin-a-minimal-trust-universal-data-feed/}},
	Title = {SchellingCoin: A Minimal-Trust Universal Data Feed}}

@article{epid,
	Author = {Brickell, Ernie and Li, Jiangtao},
	Journal = {IACR Cryptology ePrint Archive},
	Pages = {95},
	Title = {Enhanced Privacy ID from Bilinear Pairing},
	Volume = {2009},
	Year = {2009}}

@misc{szabosmartcontract,
	Author = {Nick Szabo},
	Howpublished = {\url{http://szabo.best.vwh.net/smart_contracts_idea.html}},
	Title = {The Idea of Smart Contracts},
	Year = 1997}

@misc{commblockstream,
	Howpublished = {Private communication with blockstream.}}

@misc{ethprice,
	Howpublished = {\url{http://coinmarketcap.com/currencies/ethereum}}}

@article{mckeen2013sgx,
	Author = {McKeen, Frank and Alexandrovich, Ilya and Berenzon, Alex and Rozas, Carlos V and Shafi, Hisham and Shanbhogue, Vedvyas and Savagaonkar, Uday R},
	Journal = {HASP},
	Pages = {10},
	Title = {Innovative instructions and software model for isolated execution},
	Volume = {13},
	Year = {2013}}

@inproceedings{anati2013sgx,
	Author = {Anati, Ittai and Gueron, Shay and Johnson, Simon P and Scarlata, Vincent R},
	Booktitle = {HASP},
	Title = {Innovative Technology for CPU Based Attestation and Sealing},
	Year = {2013}}

@inproceedings{hoekstra2013sgx,
	Author = {Hoekstra, Matthew and Lal, Reshma and Pappachan, Pradeep and Phegade, Vinay and Del Cuvillo, Juan},
	Booktitle = {HASP},
	Title = {Using innovative instructions to create trustworthy software solutions},
	Year = {2013}}

@manual{intel2015iscasgx,
	Howpublished = {\url{https://software.intel.com/sites/default/files/332680-002.pdf}},
	Month = {Jun},
	Note = {[Online; accessed 2-November-2015]},
	Organization = {Intel Corporation},
	Title = {{Intel}{\textregistered} Software Guard Extensions (Intel{\textregistered} SGX)},
	Year = {2015}}

@misc{sgxfordummy,
	Howpublished = {\url{https://software.intel.com/en-us/blogs/2013/09/26/protecting-application-secrets-with-intel-sgx}},
	Title = {Intel {SGX} for Dummies (Intel {SGX} Design Objectives)}}

@misc{sgxsok,
	Author = {Elaine Shi and Fan Zhang and Rafael Pass and Srini Devadas and Dawn Song and Chang Liu},
	Howpublished = {Manuscript},
	Title = {Trusted Hardware: Life, the Composable Universe, and Everything},
	Year = 2015}

@inproceedings{uc,
	Author = {Canetti, R.},
	Booktitle = {FOCS},
	Title = {Universally Composable Security: A New Paradigm for Cryptographic Protocols},
	Year = {2001}}

@misc{jsnark,
	Howpublished = {\url{oblivm.com/jsnark}},
	Title = {jSNARK: A Java Library for building SNARKs}}

@misc{ethereumcomm,
	Title = {Personal communication with Vitalik Buterin}}

@article{boyleextract,
	Author = {Elette Boyle and Rafael Pass},
	Journal = {{IACR} Cryptology ePrint Archive},
	Pages = {703},
	Title = {Limits of Extractability Assumptions with Distributional Auxiliary Input},
	Volume = {2013},
	Year = {2013}}

@inproceedings{extractableowf,
	Author = {Nir Bitansky and Ran Canetti and Omer Paneth and Alon Rosen},
	Booktitle = {Symposium on Theory of Computing, {STOC} 2014, New York, NY, USA, May 31 - June 03, 2014},
	Pages = {505--514},
	Title = {On the existence of extractable one-way functions},
	Year = {2014}}

@article{blum91nizk,
	Author = {Manuel Blum and Alfredo De Santis and Silvio Micali and Giuseppe Persiano},
	Journal = {SIAM Jornal of Computation},
	Title = {Non-Interactive Zero Knowledge},
	Year = {1991}}

@inproceedings{blum88,
	Author = {Blum, Manuel and Feldman, Paul and Micali, Silvio},
	Booktitle = {Proceedings of the Twentieth Annual ACM Symposium on Theory of Computing},
	Numpages = {10},
	Pages = {103--112},
	Series = {STOC '88},
	Title = {Non-interactive Zero-knowledge and Its Applications},
	Year = {1988}}

@inproceedings{juc,
	Author = {Ran Canetti and Tal Rabin},
	Booktitle = {CRYPTO},
	Title = {Universal Composition with Joint State},
	Year = 2003}

@inproceedings{walfishndss15,
	Author = {Riad S. Wahby and Srinath T. V. Setty and Zuocheng Ren and Andrew J. Blumberg and Michael Walfish},
	Booktitle = {22nd Annual Network and Distributed System Security Symposium, {NDSS} 2015, San Diego, California, USA, February 8-11, 2014},
	Title = {Efficient {RAM} and control flow in verifiable outsourced computation},
	Year = {2015}}

@inproceedings{integridb,
	Author = {Yupeng Zhang and Jonathan Katz and Charalampos Papamanthou},
	Booktitle = {Proceedings of the 22nd {ACM} {SIGSAC} Conference on Computer and Communications Security, Denver, CO, USA, October 12-6, 2015},
	Pages = {1480--1491},
	Title = {IntegriDB: Verifiable {SQL} for Outsourced Databases},
	Year = {2015}}

@article{walfish2015verifying,
	Author = {Walfish, Michael and Blumberg, Andrew J},
	Journal = {Communications of the ACM},
	Number = {2},
	Pages = {74--84},
	Publisher = {ACM},
	Title = {Verifying computations without reexecuting them},
	Volume = {58},
	Year = {2015}}

@misc{snarklib,
	Author = {Jans Carlsson},
	Howpublished = {https://github.com/jancarlsson/snarklib},
	Title = {snarklib: a C++ template library for zero knowledge proofs}}

@inproceedings{asharov15,
	Author = {Gilad Asharov and Amos Beimel and Nikolaos Makriyannis and Eran Omri},
	Booktitle = {Theory of Cryptography Conference (TCC)},
	Pages = {199--228},
	Title = {Complete Characterization of Fairness in Secure Two-Party Computation of Boolean Functions},
	Year = {2015}}

@article{juels2015ring,
	Author = {Juels, Ari and Kosba, Ahmed and Shi, Elaine},
	Howpublished = {(Manuscript)},
	Title = {The ring of gyges: Using smart contracts for crime},
	Year = {2015}}

@inproceedings{cleve86,
	Author = {Cleve, R},
	Booktitle = {Proceedings of the Eighteenth Annual ACM Symposium on Theory of Computing},
	Pages = {364--369},
	Title = {Limits on the Security of Coin Flips when Half the Processors Are Faulty},
	Year = {1986}}

@article{gnuc,
	Author = {Dennis Hofheinz and Victor Shoup},
	Journal = {J. Cryptology},
	Number = {3},
	Pages = {423--508},
	Title = {{GNUC:} {A} New Universal Composability Framework},
	Volume = {28},
	Year = {2015}}

@inproceedings{enigma,
	Author = {Zyskind, Guy and Nathan, Oz and Pentland, Alex},
	Howpubished = {IWPE'15 \url{http://arxiv.org/abs/1506.03471}},
	Title = {Enigma: Decentralized Computation Platform with Guaranteed Privacy}}

@incollection{fischlin2010random,
	Author = {Fischlin, Marc and Lehmann, Anja and Ristenpart, Thomas and Shrimpton, Thomas and Stam, Martijn and Tessaro, Stefano},
	Booktitle = {Advances in Cryptology-ASIACRYPT 2010},
	Pages = {303--320},
	Publisher = {Springer},
	Title = {Random oracles with (out) programmability},
	Year = {2010}}

@inproceedings{globalRO,
	Author = {Canetti, Ran and Jain, Abhishek and Scafuro, Alessandra},
	Booktitle = {Proceedings of the 2014 ACM SIGSAC Conference on Computer and Communications Security},
	Organization = {ACM},
	Pages = {597--608},
	Title = {Practical UC security with a global random oracle},
	Year = {2014}}

@inproceedings{snarksetup,
	Author = {Eli Ben-Sasson and Alessandro Chiesa and Matthew Green and Eran Tromer and Madars Virza},
	Booktitle = {IEEE Symposium on Security and Privacy},
	Title = {Secure Sampling of Public Parameters for Succinct Zero Knowledge Proofs},
	Year = 2015}

@inproceedings{elipticcurves,
	Author = {Eli Ben{-}Sasson and Alessandro Chiesa and Eran Tromer and Madars Virza},
	Booktitle = {CRYPTO},
	Title = {Scalable Zero Knowledge via Cycles of Elliptic Curves},
	Year = {2014}}

@inproceedings{clos02,
	Author = {Canetti, Ran and Lindell, Yehuda and Ostrovsky, Rafail and Sahai, Amit},
	Booktitle = {Proceedings of the thiry-fourth annual ACM symposium on Theory of computing},
	Organization = {ACM},
	Pages = {494--503},
	Title = {Universally composable two-party and multi-party secure computation},
	Year = {2002}}

@inproceedings{canetti-authentication,
	Author = {Canetti, Ran},
	Booktitle = {Computer Security Foundations Workshop, 2004. Proceedings. 17th IEEE},
	Organization = {IEEE},
	Pages = {219--233},
	Title = {Universally composable signature, certification, and authentication},
	Year = {2004}}

@incollection{transactionmalleability,
	Author = {Decker, Christian and Wattenhofer, Roger},
	Booktitle = {Computer Security-ESORICS 2014},
	Pages = {313--326},
	Publisher = {Springer},
	Title = {Bitcoin Transaction Malleability and MtGox},
	Year = {2014}}

@inproceedings{myers03,
	Author = {Lantian Zheng and Stephen Chong and Andrew C. Myers and Steve Zdancewic},
	Booktitle = {S{\&}P},
	Title = {Using Replication and Partitioning to Build Secure Distributed Systems},
	Year = {2003}}

@inproceedings{snarksforc,
	Author = {Eli Ben{-}Sasson and Alessandro Chiesa and Daniel Genkin and Eran Tromer and Madars Virza},
	Booktitle = {CRYPTO},
	Title = {SNARKs for {C:} Verifying Program Executions Succinctly and in Zero Knowledge},
	Year = {2013}}

@inproceedings{z0,
	Author = {Matthew Fredrikson and Benjamin Livshits},
	Booktitle = {USENIX Security},
	Title = {Z{\O}: An Optimizing Distributing Zero-Knowledge Compiler},
	Year = {2014}}

@inproceedings{ZQL,
	Author = {Cedric Fournet and Markulf Kohlweiss and George Danezis and Zhengqin Luo},
	Booktitle = {USENIX Security},
	Title = {ZQL: A Compiler for Privacy-Preserving Data Processing},
	Year = {2013}}

@inproceedings{hawk,
	Author = {Ahmed Kosba and Andrew Miller and Elaine Shi and Zikai Wen and Charalampos Papamanthou},
	Booktitle = {IEEE Symposium on Security and Privacy},
	Title = {Hawk: The Blockchain Model of Cryptography and Privacy-Preserving Smart Contracts},
	Year = 2016}

@misc{anonymous,
	Howpublished = {\url{http://www.anonymouspaper.com/hawk/}}}

@incollection{bittertobetter,
	Author = {Barber, Simon and Boyen, Xavier and Shi, Elaine and Uzun, Ersin},
	Booktitle = {Financial cryptography and data security},
	Pages = {399--414},
	Publisher = {Springer},
	Title = {Bitter to better---how to make bitcoin a better currency},
	Year = {2012}}

@inproceedings{songusenix07,
	Acmid = {1362918},
	Address = {Berkeley, CA, USA},
	Articleno = {15},
	Author = {Brumley, David and Caballero, Juan and Liang, Zhenkai and Newsome, James and Song, Dawn},
	Booktitle = {Proceedings of 16th USENIX Security Symposium on USENIX Security Symposium},
	Isbn = {111-333-5555-77-9},
	Location = {Boston, MA},
	Numpages = {16},
	Pages = {15:1--15:16},
	Publisher = {USENIX Association},
	Series = {SS'07},
	Title = {Towards Automatic Discovery of Deviations in Binary Implementations with Applications to Error Detection and Fingerprint Generation},
	Url = {http://dl.acm.org/citation.cfm?id=1362903.1362918},
	Year = {2007},
	Bdsk-Url-1 = {http://dl.acm.org/citation.cfm?id=1362903.1362918}}

@inproceedings{songcfi,
	Acmid = {2498134},
	Address = {Washington, DC, USA},
	Author = {Zhang, Chao and Wei, Tao and Chen, Zhaofeng and Duan, Lei and Szekeres, Laszlo and McCamant, Stephen and Song, Dawn and Zou, Wei},
	Booktitle = {Proceedings of the 2013 IEEE Symposium on Security and Privacy},
	Doi = {10.1109/SP.2013.44},
	Isbn = {978-0-7695-4977-4},
	Numpages = {15},
	Pages = {559--573},
	Publisher = {IEEE Computer Society},
	Series = {SP '13},
	Title = {Practical Control Flow Integrity and Randomization for Binary Executables},
	Url = {http://dx.doi.org/10.1109/SP.2013.44},
	Year = {2013},
	Bdsk-Url-1 = {http://dx.doi.org/10.1109/SP.2013.44}}

@inproceedings{cpi,
	Address = {Broomfield, CO},
	Author = {Volodymyr Kuznetsov and Laszlo Szekeres and Mathias Payer and George Candea and R. Sekar and Dawn Song},
	Booktitle = {11th USENIX Symposium on Operating Systems Design and Implementation (OSDI 14)},
	Isbn = {978-1-931971-16-4},
	Month = Oct,
	Pages = {147--163},
	Publisher = {USENIX Association},
	Title = {Code-Pointer Integrity},
	Url = {https://www.usenix.org/conference/osdi14/technical-sessions/presentation/kuznetsov},
	Year = {2014},
	Bdsk-Url-1 = {https://www.usenix.org/conference/osdi14/technical-sessions/presentation/kuznetsov}}

@misc{lendingclub,
	Howpublished = {\url{https://www.lendingclub.com/}},
	Title = {Lending Club}}

@misc{deterlab,
	Howpublished = {\url{https://www.isi.deterlab.net/index.php3}},
	Title = {Deter Lab}}

@inproceedings{karmasirer,
	Author = {Vivek Vishnumurthy and Sangeeth Chandrakumar and Emin Gun Sirer},
	Booktitle = {Workshop on the Economics of Peer-to-Peer Systems},
	Title = {KARMA: A Secure Economic Framework for Peer-to-Peer Resource Sharing},
	Year = 2003}

@inproceedings{clonewars,
	Acmid = {1180431},
	Address = {New York, NY, USA},
	Author = {Camenisch, Jan and Hohenberger, Susan and Kohlweiss, Markulf and Lysyanskaya, Anna and Meyerovich, Mira},
	Booktitle = {Proceedings of the 13th ACM Conference on Computer and Communications Security},
	Isbn = {1-59593-518-5},
	Keywords = {n-anonymous authentication, clone detection, credentials},
	Numpages = {10},
	Pages = {201--210},
	Publisher = {ACM},
	Series = {CCS '06},
	Title = {How to Win the Clonewars: Efficient Periodic N-times Anonymous Authentication},
	Year = {2006}}

@inproceedings{anonize,
	Acmid = {2650809},
	Author = {Hohenberger, Susan and Myers, Steven and Pass, Rafael and shelat, abhi},
	Booktitle = {Proceedings of the 2014 IEEE Symposium on Security and Privacy},
	Isbn = {978-1-4799-4686-0},
	Numpages = {15},
	Pages = {375--389},
	Series = {SP '14},
	Title = {ANONIZE: A Large-Scale Anonymous Survey System},
	Year = {2014}}

@misc{crowdfund,
	Howpublished = {\url{https://github.com/ethereum/serpent/blob/master/examples/crowdfund.se}},
	Title = {Crowd-funding example in Serpent}}

@inproceedings{rastogi13knowledge,
	Author = {Aseem Rastogi and Piotr Mardziel and Matthew Hammer and Michael Hicks},
	Booktitle = {Proceedings of the {ACM SIGPLAN} Workshop on Programming Languages and Analysis for Security (PLAS)},
	Month = JUN,
	Title = {Knowledge Inference for Optimizing Secure Multi-party Computation},
	Year = 2013}

@misc{speck,
	Author = {Ray Beaulieu and Douglas Shors and Jason Smith and Stefan Treatman-Clark and Bryan Weeks and Louis Wingers},
	Howpublished = {Cryptology ePrint Archive, Report 2013/404},
	Note = {\url{http://eprint.iacr.org/}},
	Title = {The SIMON and SPECK Families of Lightweight Block Ciphers},
	Year = {2013}}

@incollection{chaskey,
	Author = {Mouha, Nicky and Mennink, Bart and Van Herrewege, Anthony and Watanabe, Dai and Preneel, Bart and Verbauwhede, Ingrid},
	Booktitle = {Selected Areas in Cryptography--SAC 2014},
	Pages = {306--323},
	Publisher = {Springer},
	Title = {Chaskey: An efficient MAC algorithm for 32-bit microcontrollers},
	Year = {2014}}

@article{virtualcurrency,
	Author = {Shin, Dong Hee},
	Journal = {Interacting with computers},
	Number = {4},
	Pages = {433--446},
	Publisher = {Elsevier},
	Title = {Understanding purchasing behaviors in a virtual economy: Consumer behavior involving virtual currency in Web 2.0 communities},
	Volume = {20},
	Year = {2008}}

@misc{marshalsauction,
	Author = {Gertrude Chavez-Dreyfuss},
	Howpublished = {\url{http://www.reuters.com/article/2014/07/02/us-usa-bitcoin-idUSKBN0F719920140702}},
	Month = {July},
	Title = {Venture capitalist Draper wins U.S. bitcoin auction},
	Year = {2014}}

@misc{irsbitcoin,
	Howpublished = {IR-2014-36. \url{http://www.irs.gov/uac/Newsroom/IRS-Virtual-Currency-Guidance}},
	Month = {March},
	Title = {IRS Virtual Currency Guidance : Virtual Currency Is Treated as Property for U.S. Federal Tax Purposes; General Rules for Property Transactions Apply},
	Year = {2014}}

@article{fincenbitcoin,
	Author = {Network, Financial Crimes Enforcement},
	Journal = {United States Department of the Treasury, March},
	Title = {Application of FinCEN's regulations to persons administering, exchanging, or using virtual currencies},
	Volume = {18},
	Year = {2013}}

@misc{micropayments,
	Author = {Mike Hearn},
	Howpublished = {\url{https://bitcointalk.org/index.php?topic=244656.0}},
	Month = June,
	Title = {Micro-payment channels implementation now in bitcoinj},
	Year = {2013}}

@inproceedings{amillerbyzantine,
	Author = {Andrew Miller and Joseph J. LaViola, Jr},
	Howpublished = {\url{https://socrates1024.s3.amazonaws.com/consensus.pdf}},
	Title = {Anonymous Byzantine Consensus from Moderately-Hard Puzzles: A Model for Bitcoin}}

@inproceedings{dawn00,
	Author = {Saxena, Prateek and Poosankam, Pongsin and McCamant, Stephen and Song, Dawn},
	Booktitle = {Proceedings of the Eighteenth International Symposium on Software Testing and Analysis},
	Location = {Chicago, IL, USA},
	Numpages = {12},
	Pages = {225--236},
	Series = {ISSTA '09},
	Title = {Loop-extended Symbolic Execution on Binary Programs},
	Year = {2009}}

@inproceedings{dawn01,
	Author = {Juan Caballero and Zhenkai Liang and Pongsin Poosankam and Dawn Song},
	Booktitle = {Recent Advances in Intrusion Detection, 12th International Symposium, {RAID} 2009, Saint-Malo, France, September 23-25, 2009. Proceedings},
	Pages = {161--181},
	Title = {Towards Generating High Coverage Vulnerability-Based Signatures with Protocol-Level Constraint-Guided Exploration},
	Year = {2009}}

@inproceedings{dawn02,
	Author = {Cho, Chia Yuan and Babi \'{c}, Domagoj and Shin, Eui Chul Richard and Song, Dawn},
	Booktitle = {Proceedings of the 17th ACM Conference on Computer and Communications Security},
	Numpages = {14},
	Pages = {426--439},
	Series = {CCS '10},
	Title = {Inference and Analysis of Formal Models of Botnet Command and Control Protocols},
	Year = {2010}}

@inproceedings{dawn03,
	Author = {Juan Caballero and Pongsin Poosankam and Stephen McCamant and Domagoj Babic and Dawn Song},
	Booktitle = {Proceedings of the 17th {ACM} Conference on Computer and Communications Security, {CCS} 2010, Chicago, Illinois, USA, October 4-8, 2010},
	Pages = {413--425},
	Title = {Input generation via decomposition and re-stitching: finding bugs in Malware},
	Year = {2010}}

@inproceedings{dawn04,
	Author = {Thomas, Kurt and Grier, Chris and Ma, Justin and Paxson, Vern and Song, Dawn},
	Booktitle = {Proceedings of the 2011 IEEE Symposium on Security and Privacy},
	Pages = {447--462},
	Series = {SP '11},
	Title = {Design and Evaluation of a Real-Time URL Spam Filtering Service},
	Year = {2011}}

@inproceedings{dawn05,
	Author = {Babi\'{c}, Domagoj and Reynaud, Daniel and Song, Dawn},
	Booktitle = {Proceedings of the 23rd International Conference on Computer Aided Verification},
	Isbn = {978-3-642-22109-5},
	Location = {Snowbird, UT},
	Pages = {116--131},
	Series = {CAV'11},
	Title = {Malware Analysis with Tree Automata Inference},
	Year = {2011}}

@inproceedings{dawn06,
	Author = {Steve Hanna and Rolf Rolles and Andres Molina{-}Markham and Pongsin Poosankam and Jeremiah Blocki and Kevin Fu and Dawn Song},
	Booktitle = {2nd {USENIX} Workshop on Health Security and Privacy, HealthSec'11, San Francisco, CA, USA, August 9, 2011},
	Title = {Take Two Software Updates and See Me in the Morning: The Case for Software Security Evaluations of Medical Devices},
	Year = {2011}}

@inproceedings{dawn07,
	Author = {Cho, Chia Yuan and Babi\'{c}, Domagoj and Poosankam, Pongsin and Chen, Kevin Zhijie and Wu, Edward XueJun and Song, Dawn},
	Booktitle = {Proceedings of the 20th USENIX Conference on Security},
	Numpages = {1},
	Pages = {10--10},
	Series = {SEC'11},
	Title = {MACE: Model-inference-assisted Concolic Exploration for Protocol and Vulnerability Discovery},
	Year = {2011}}

@inproceedings{sia2,
	Author = {Haowen Chan and Adrian Perrig and Dawn Xiaodong Song},
	Booktitle = {Proceedings of the 13th {ACM} Conference on Computer and Communications Security, {CCS} 2006, Alexandria, VA, USA, Ioctober 30 - November 3, 2006},
	Pages = {278--287},
	Title = {Secure hierarchical in-network aggregation in sensor networks},
	Year = {2006}}

@article{tesla,
	Author = {Adrian Perrig and Ran Canetti and J.\ D.\ Tygar and Dawn Song},
	Journal = {RSA CryptoBytes},
	Title = {The TESLA Broadcast Authentication Protocol},
	Volume = 5,
	Year = 2002}

@article{ChanP03,
	Author = {Haowen Chan and Adrian Perrig},
	Journal = {{IEEE} Computer},
	Number = {10},
	Pages = {103--105},
	Title = {Security and Privacy in Sensor Networks},
	Volume = {36},
	Year = {2003}}

@inproceedings{minsec,
	Author = {Mark Luk and Ghita Mezzour and Adrian Perrig and Virgil D. Gligor},
	Booktitle = {Proceedings of the 6th International Conference on Information Processing in Sensor Networks, {IPSN} 2007, Cambridge, Massachusetts, USA, April 25-27, 2007},
	Pages = {479--488},
	Title = {MiniSec: a secure sensor network communication architecture},
	Year = {2007}}

@article{spins,
	Author = {Perrig, Adrian and Szewczyk, Robert and Tygar, J. D. and Wen, Victor and Culler, David E.},
	Issn = {1022-0038},
	Issue_Date = {September 2002},
	Journal = {Wirel. Netw.},
	Month = sep,
	Number = {5},
	Numpages = {14},
	Pages = {521--534},
	Title = {SPINS: Security Protocols for Sensor Networks},
	Volume = {8},
	Year = {2002}}

@article{sia,
	Author = {Haowen Chan and Adrian Perrig and Bartosz Przydatek and Dawn Xiaodong Song},
	Journal = {Journal of Computer Security},
	Number = {1},
	Pages = {69--102},
	Title = {{SIA:} Secure information aggregation in sensor networks},
	Volume = {15},
	Year = {2007}}

@inproceedings{sensorkey2,
	Author = {Haowen Chan and Adrian Perrig and Dawn Xiaodong Song},
	Booktitle = {2003 {IEEE} Symposium on Security and Privacy (S{\&}P 2003), 11-14 May 2003, Berkeley, CA, {USA}},
	Pages = {197},
	Title = {Random Key Predistribution Schemes for Sensor Networks},
	Year = {2003}}

@article{sensorkey,
	Acmid = {1092846},
	Address = {Los Alamitos, CA, USA},
	Author = {Chan, Haowen and Gligor, Virgil D. and Perrig, Adrian and Muralidharan, Gautam},
	Doi = {10.1109/TDSC.2005.37},
	Issn = {1545-5971},
	Issue_Date = {July 2005},
	Journal = {IEEE Trans. Dependable Secur. Comput.},
	Keywords = {Index Terms- Sensor networks, Index Terms- Sensor networks, security, revocation, key distribution, key management, distributed algorithms., distributed algorithms., key distribution, key management, revocation, security},
	Month = jul,
	Number = {3},
	Numpages = {15},
	Pages = {233--247},
	Publisher = {IEEE Computer Society Press},
	Title = {On the Distribution and Revocation of Cryptographic Keys in Sensor Networks},
	Url = {http://dx.doi.org/10.1109/TDSC.2005.37},
	Volume = {2},
	Year = {2005},
	Bdsk-Url-1 = {http://dx.doi.org/10.1109/TDSC.2005.37}}

@misc{bitcoinexchange,
	Howpublished = {\url{http://www.wired.co.uk/news/archive/2013-10/24/bitcoin-exchange-collapse-glbse}}}

@incollection{garay-wrappers,
	Author = {Garay, Juan and MacKenzie, Philip and Prabhakaran, Manoj and Yang, Ke},
	Booktitle = {Theory of Cryptography},
	Pages = {404--428},
	Publisher = {Springer},
	Title = {Resource fairness and composability of cryptographic protocols},
	Year = {2006}}

@misc{aggelos,
	Author = {Aggelos Kiayias and Hong-Sheng Zhou and Vassilis Zikas},
	Howpublished = {\url{http://eprint.iacr.org/2015/574}},
	Title = {Fair and Robust Multi-Party Computation using a Global Transaction Ledger},
	Year = 2015}

@article{garay14,
	Author = {Juan A. Garay and Aggelos Kiayias and Nikos Leonardos},
	Journal = {{IACR} Cryptology ePrint Archive},
	Pages = {765},
	Title = {The Bitcoin Backbone Protocol: Analysis and Applications},
	Volume = {2014},
	Year = {2014}}

@article{oblivtm,
	Author = {Pippenger, Nicholas and Fischer, Michael J.},
	Issue_Date = {April 1979},
	Journal = {J. ACM},
	Month = apr,
	Number = {2},
	Pages = {361--381},
	Title = {Relations Among Complexity Measures},
	Volume = {26},
	Year = {1979}}

@article{infoflow,
	Author = {Sabelfeld, A. and Myers, A. C.},
	Journal = {IEEE J.Sel. A. Commun.},
	Month = sep,
	Number = {1},
	Pages = {5--19},
	Title = {Language-based Information-flow Security},
	Volume = {21},
	Year = {2006}}

@inproceedings{chensidechannel,
	Author = {Chen, Shuo and Wang, Rui and Wang, XiaoFeng and Zhang, Kehuan},
	Booktitle = {IEEE Symposium on Security and Privacy},
	Numpages = {16},
	Pages = {191--206},
	Title = {Side-Channel Leaks in Web Applications: A Reality Today, a Challenge Tomorrow},
	Year = {2010}}

@inproceedings{freexor02,
	Author = {Benny Applebaum},
	Booktitle = {Theory of Cryptography Conference (TCC)},
	Pages = {162-181},
	Title = {Garbling XOR Gates ``For Free'' in the Standard Model},
	Year = {2013}}

@inproceedings{freexor01,
	Author = {Seung Geol Choi and Jonathan Katz and Ranjit Kumaresan and Hong-Sheng Zhou},
	Booktitle = {Theory of Cryptography Conference (TCC)},
	Pages = {39-53},
	Title = {On the Security of the "Free-XOR" Technique},
	Year = {2012}}

@inproceedings{freexor00,
	Author = {Vladimir Kolesnikov and Thomas Schneider},
	Booktitle = {International Colloquium on Automata, Languages and Programming (ICALP)},
	Pages = {486-498},
	Title = {Improved Garbled Circuit: Free XOR Gates and Applications},
	Year = {2008}}

@inproceedings{orampir,
	Author = {Travis Mayberry and Erik-oliver Blass and Agnes Hui Chan},
	Booktitle = {Network and Distributed System Security Symposium (NDSS)},
	Title = {Efficient Private File Retrieval by Combining ORAM and PIR},
	Year = 2014}

@article{hide,
	Acmid = {1024403},
	Address = {New York, NY, USA},
	Author = {Zhuang, Xiaotong and Zhang, Tao and Pande, Santosh},
	Issn = {0163-5964},
	Issue_Date = {December 2004},
	Journal = {SIGARCH Comput. Archit. News},
	Month = oct,
	Number = {5},
	Numpages = {13},
	Pages = {72--84},
	Publisher = {ACM},
	Title = {HIDE: an infrastructure for efficiently protecting information leakage on the address bus},
	Volume = {32},
	Year = {2004}}

@article{cuckoo,
	Author = {Pagh, Rasmus and Rodler, Flemming Friche},
	Issue_Date = {May 2004},
	Journal = {J. Algorithms},
	Month = may,
	Number = {2},
	Numpages = {23},
	Pages = {122--144},
	Title = {Cuckoo Hashing},
	Volume = {51},
	Year = {2004}}

@article{classificationfhe,
	Author = {Raphael Bost and Raluca Ada Popa and Stephen Tu and Shafi Goldwasser},
	Journal = {IACR Cryptology ePrint Archive},
	Pages = {331},
	Title = {Machine Learning Classification over Encrypted Data},
	Volume = {2014},
	Year = {2014}}

@inproceedings{matrixfacgc,
	Author = {Nikolaenko, Valeria and Ioannidis, Stratis and Weinsberg, Udi and Joye, Marc and Taft, Nina and Boneh, Dan},
	Booktitle = {ACM Conference on Computer and Communications Security (CCS)},
	Pages = {801--812},
	Title = {Privacy-preserving Matrix Factorization},
	Year = {2013}}

@inproceedings{shmatikovgraph,
	Author = {Justin Brickell and Vitaly Shmatikov},
	Booktitle = {ASIACRYPT},
	Pages = {236-252},
	Title = {Privacy-Preserving Graph Algorithms in the Semi-honest Model},
	Year = {2005}}

@inproceedings{wysteria,
	Author = {Aseem Rastogi and Matthew A. Hammer and Michael Hicks},
	Booktitle = {S{\&}P},
	Title = {Wysteria: A Programming Language for Generic, Mixed-Mode Multiparty Computations},
	Year = 2014}

@inproceedings{mpcansic,
	Author = {Holzer, Andreas and Franz, Martin and Katzenbeisser, Stefan and Veith, Helmut},
	Booktitle = {ACM Conference on Computer and Communications Security (CCS)},
	Numpages = {12},
	Pages = {772--783},
	Title = {Secure Two-party Computations in ANSI C},
	Year = {2012}}

@inproceedings{pcf,
	Author = {Kreuter, Ben and Mood, Benjamin and Shelat, Abhi and Butler, Kevin},
	Booktitle = {Usenix Security},
	Title = {{PCF}: A Portable Circuit Format for Scalable Two-party Secure Computation},
	Year = {2013}}

@inproceedings{phantomcarl,
	Author = {Martin Maas and Eric Love and Emil Stefanov and Mohit Tiwari and Elaine Shi and Krste Asanovic and John Kubiatowicz and Dawn Song},
	Booktitle = {Workshop on the Intersections of Computer Architecture and Reconfigurable Logic (CARL)},
	Title = {A High-Performance Oblivious {RAM} Controller on the Convey HC-2ex Heterogeneous Computing Platform},
	Year = 2013}

@article{xom,
	Author = {Thekkath, David Lie Chandramohan and Mitchell, Mark and Lincoln, Patrick and Boneh, Dan and Mitchell, John and Horowitz, Mark},
	Issn = {0163-5980},
	Issue_Date = {Dec. 2000},
	Journal = {SIGOPS Oper. Syst. Rev.},
	Month = nov,
	Number = {5},
	Numpages = {10},
	Pages = {168--177},
	Title = {Architectural support for copy and tamper resistant software},
	Volume = {34},
	Year = {2000}}

@inproceedings{aegis,
	Author = {Suh, G. Edward and Clarke, Dwaine and Gassend, Blaise and van Dijk, Marten and Devadas, Srinivas},
	Booktitle = {International conference on Supercomputing},
	Pages = {160--171},
	Series = {ICS '03},
	Title = {AEGIS: architecture for tamper-evident and tamper-resistant processing},
	Year = {2003}}

@inproceedings{lightweightlinear,
	Address = {New York, NY, USA},
	Author = {Mazurak, Karl and Zhao, Jianzhou and Zdancewic, Steve},
	Booktitle = {Proceedings of the 5th ACM SIGPLAN Workshop on Types in Language Design and Implementation},
	Isbn = {978-1-60558-891-9},
	Keywords = {linear logic, polymorphism, type systems},
	Numpages = {12},
	Pages = {77--88},
	Publisher = {ACM},
	Series = {TLDI '10},
	Title = {Lightweight Linear Types in System {F}$^\circ$},
	Year = {2010}}

@inproceedings{practicalaffine,
	Author = {Tov, Jesse A. and Pucella, Riccardo},
	Booktitle = {ACM SIGPLAN-SIGACT Symposium on Principles of Programming Languages},
	Pages = {447--458},
	Publisher = {ACM},
	Title = {Practical Affine Types},
	Year = {2011}}

@misc{dporproject,
	Howpublished = {\url{http://www.cs.umd.edu/~elaine/projects/dpor.html}}}

@misc{oramproject,
	Howpublished = {\url{http://www.cs.umd.edu/~elaine/projects/cloudoram.html}}}

@misc{rust,
	Howpublished = {\url{http://www.rust-lang.org/}},
	Title = {Rust}}

@misc{clp,
	Author = {Kai-Min Chung and Zhenming Liu and Rafael Pass},
	Howpublished = {arXiv:1307.3699},
	Title = {Statistically-secure {ORAM} with $\tilde{O}(\log^2n)$ Overhead},
	Year = 2013}

@misc{proverifsite,
	Howpublished = {\url{http://prosecco.gforge.inria.fr/personal/bblanche/proverif/}},
	Title = {ProVerif: Cryptographic protocol verifier in the formal model}}

@misc{easycryptsite,
	Howpublished = {\url{https://www.easycrypt.info/trac/}},
	Title = {EasyCrypt: Computer-Aided Cryptographic Proofs}}

@misc{coq,
	Howpublished = {\url{http://coq.inria.fr/}},
	Title = {The {C}oq Proof Assistant}}

@inproceedings{walker2002,
	Author = {Walker, David},
	Booktitle = {Advanced Topics in Types and Programming Languages},
	Pages = {3-43},
	Title = {Substructural Type Systems},
	Year = {2002}}

@inproceedings{time-mitigation,
	Author = {Zhang, Danfeng and Askarov, Aslan and Myers, Andrew C.},
	Booktitle = {PLDI '12},
	Pages = {99--110},
	Title = {Language-based Control and Mitigation of Timing Channels},
	Year = {2012}}

@inproceedings{askarov10predictive,
	Author = {Aslan Askarov and Danfeng Zhang and Andrew C. Myers},
	Booktitle = {ACM Conference on Computer and Communications Security},
	Pages = {297-307},
	Title = {Predictive black-box mitigation of timing channels},
	Year = {2010}}

@inproceedings{agat00transforming,
	Author = {Johan Agat},
	Booktitle = {ACM Conference on Principles of Programming Languages (POPL)},
	Pages = {40--53},
	Title = {Transforming out Timing Leaks},
	Year = {2000}}

@inproceedings{easycrypt,
	Author = {Barthe, Gilles and Gr{\'e}goire, Benjamin and Heraud, Sylvain and B{\'e}guelin, Santiago Zanella},
	Booktitle = {CRYPTO '11},
	Pages = {71--90},
	Publisher = {Springer},
	Title = {Computer-aided security proofs for the working cryptographer},
	Year = {2011}}

@article{proverif,
	Author = {Blanchet, Bruno},
	Journal = {Journal of Computer Security},
	Number = {4},
	Pages = {363--434},
	Publisher = {IOS Press},
	Title = {Automatic verification of correspondences for security protocols},
	Volume = {17},
	Year = {2009}}

@inproceedings{fedefn,
	Author = {Boneh, Dan and Sahai, Amit and Waters, Brent},
	Booktitle = {Theory of Cryptography Conference (TCC)},
	Pages = {253--273},
	Title = {Functional Encryption: Definitions and Challenges},
	Year = {2011}}

@inproceedings{garbledramrevisit,
	Author = {Craig Gentry and Shai Halevi and Steve Lu and Rafail Ostrovsky and Mariana Raykova and Daniel Wichs},
	Booktitle = {EUROCRYPT},
	Pages = {405-422},
	Title = {Garbled RAM Revisited},
	Year = {2014}}

@misc{gentryoutsourcedram,
	Author = {Craig Gentry and Shai Halevi and Mariana Raykova and Daniel Wichs},
	Howpublished = {Cryptology ePrint Archive, Report 2014/148},
	Note = {\url{http://eprint.iacr.org/}},
	Title = {Outsourcing Private RAM Computation},
	Year = {2014}}

@misc{ramfe,
	Author = {Daniel Apon and Xiong Fan and Jonathan Katz and Feng-Hao Liu and Elaine Shi and Hong-Sheng Zhou},
	Howpublished = {Cryptology ePrint Archive, Report 2014/154},
	Note = {\url{http://eprint.iacr.org/}},
	Title = {Non-Interactive Cryptography in the RAM Model of Computation},
	Year = {2014}}

@misc{guptcode,
	Howpublished = {\url{https://github.com/prashmohan/GUPT}},
	Title = {GUPT: A Privacy Preserving Data Mining Platform}}

@misc{adscode,
	Howpublished = {\url{http://amiller.github.io/lambda-auth/}},
	Title = {$\lambda\bullet$: Authenticated Data Structures, Generically}}

@misc{sgx,
	Howpublished = {\url{https://software.intel.com/en-us/blogs/2013/09/26/protecting-application-secrets-with-intel-sgx}},
	Title = {Intel {SGX} for Dummies (Intel {SGX} Design Objectives)}}

@inproceedings{jifsplit,
	Author = {Zdancewic, Steve and Zheng, Lantian and Nystrom, Nathaniel and Myers, Andrew C.},
	Booktitle = {Proceedings of the Eighteenth ACM Symposium on Operating Systems Principles},
	Series = {SOSP '01},
	Title = {Untrusted Hosts and Confidentiality: Secure Program Partitioning},
	Year = {2001}}

@misc{gentryfheoram,
	Author = {Craig Gentry and Shai Halevi and Charanjit Jutla and Mariana Raykova},
	Howpublished = {Cryptology ePrint Archive, Report 2014/345},
	Note = {\url{http://eprint.iacr.org/}},
	Title = {Private Database Access With HE-over-ORAM Architecture},
	Year = {2014}}

@misc{graphlab,
	Howpublished = {\url{http://graphlab.org}},
	Title = {GraphLab}}

@inproceedings{sddr,
	Author = {Matthew Lentz and Viktor Erdelyi and Paarijaat Aditya and Elaine Shi and Peter Druschel and Bobby Bhattacharjee},
	Booktitle = {Usenix Security Symposium},
	Title = {SDDR: Light-Weight, Secure Mobile Encounters},
	Year = 2014}

@inproceedings{encore,
	Author = {Paarijaat Aditya and Viktor Erdelyi and Matthew Lentz and Elaine Shi and Bobby Bhattacharjee and Peter Druschel},
	Booktitle = {International Conference on Mobile Systems, Applications, and Services (MobiSys)},
	Title = {EnCore: Private, Context-based Communication for Mobile Social Apps},
	Year = 2014}

@inproceedings{permacoin,
	Author = {Andrew Miller and Elaine Shi and Ari Juels and Bryan Parno and Jonathan Katz},
	Booktitle = {IEEE Symposium on Security and Privacy},
	Title = {Permacoin: Repurposing Bitcoin Work for Data Preservation},
	Year = 2014}

@inproceedings{dssendss14,
	Author = {Emil Stefanov and Charalampos Papamanthou and Elaine Shi},
	Booktitle = {Network and Distributed System Security Symposium (NDSS)},
	Title = {Practical Dynamic Searchable Symmetric Encryption with Small Leakage},
	Year = 2014}

@inproceedings{dporccs13,
	Author = {Elaine Shi and Emil Stefanov and Charalampos Papamanthou},
	Booktitle = {ACM Conference on Computer and Communications Security (CCS)},
	Title = {Practical Dynamic Proofs of Retrievability},
	Year = 2013}

@misc{ods,
	Author = {Xiao Wang and Kartik Nayak and Chang Liu and Elaine Shi and Emil Stefanov and Yan Huang},
	Howpublished = {\url{https://eprint.iacr.org/2014/185.pdf}},
	Title = {Oblivious Data Structures}}

@inproceedings{hotsec11,
	Author = {Maniatis, Petros and Akhawe, Devdatta and Fall, Kevin and Shi, Elaine and McCamant, Stephen and Song, Dawn},
	Booktitle = {Proceedings of the 13th USENIX Conference on Hot Topics in Operating Systems},
	Location = {Napa, California},
	Pages = {22--22},
	Series = {HotOS'13},
	Title = {Do You Know Where Your Data Are? Secure Data Capsules for Deployable Data Protection},
	Year = {2011}}

@inproceedings{pkc14,
	Author = {Daniel Apon and Jonathan Katz and Elaine Shi and Aishwarya Thiruvengadam},
	Booktitle = {Public Key Cryptography},
	Pages = {131-148},
	Title = {Verifiable Oblivious Storage},
	Year = {2014}}

@inproceedings{popl14,
	Author = {Andrew Miller and Michael Hicks and Jonathan Katz and Elaine Shi},
	Booktitle = {POPL},
	Title = {Authenticated Data Structures, Generically},
	Year = 2014}

@inproceedings{csf13,
	Author = {Liu, Chang and Hicks, Michael and Shi, Elaine},
	Booktitle = {Proceedings of the 2013 IEEE 26th Computer Security Foundations Symposium},
	Numpages = {15},
	Pages = {51--65},
	Series = {CSF '13},
	Title = {Memory Trace Oblivious Program Execution},
	Year = {2013}}

@inproceedings{trueset,
	Author = {Ahmed E. Kosba and Dimitrios Papadopoulos and Charalampos Papamanthou and Mahmoud F. Sayed and Elaine Shi and Nikos Triandopoulos},
	Booktitle = {Usenix Security Symposium},
	Title = {TrueSet: Nearly Practical Verifiable Set Computations},
	Year = 2014}

@inproceedings{tcc13,
	Author = {Papamanthou, Charalampos and Shi, Elaine and Tamassia, Roberto},
	Booktitle = {Theory of Cryptography Conference (TCC)},
	Numpages = {21},
	Pages = {222--242},
	Title = {Signatures of Correct Computation},
	Year = {2013}}

@inproceedings{ec14,
	Author = {Shafi Goldwasser and S. Dov Gordon and Vipul Goyal and Abhishek Jain and Jonathan Katz and Feng-Hao Liu and Amit Sahai and Elaine Shi and Hong-Sheng Zhou},
	Booktitle = {EUROCRYPT},
	Pages = {578-602},
	Title = {Multi-input Functional Encryption},
	Year = {2014}}

@inproceedings{streamingads,
	Author = {Charalampos Papamanthou and Elaine Shi and Roberto Tamassia and Ke Yi},
	Booktitle = {EUROCRYPT},
	Title = {Streaming Authenticated Data Structures},
	Year = {2013}}

@misc{kellerods,
	Author = {Marcel Keller and Peter Scholl},
	Howpublished = {Cryptology ePrint Archive, Report 2014/137},
	Note = {\url{http://eprint.iacr.org/}},
	Title = {Efficient, Oblivious Data Structures for MPC},
	Year = {2014}}

@misc{altcoin-failure,
	Author = {Altcoin Herald},
	Howpublished = {\url{https://altcoinherald.com/looking-back-may-altcoin-releases-graph/}},
	Title = {Looking Back On May Altcoin Releases -- Graph},
	Year = {2014}}

@article{van2013cryptonote,
	Author = {van Saberhagen, Nicolas},
	Title = {CryptoNote v 2.0},
	Year = {2013}}

@inproceedings{scvm,
	Author = {Chang Liu and Yan Huang and Elaine Shi and Jonathan Katz and Michael Hicks},
	Booktitle = {Proceedings of the {IEEE} Symposium on Security and Privacy},
	Month = MAY,
	Title = {Automating Efficient {RAM}-Model Secure Computation},
	Year = 2014}

@inproceedings{Huang11,
	Author = {Huang, Yan and Evans, David and Katz, Jonathan and Malka, Lior},
	Booktitle = {Usenix Security Symposium},
	Title = {Faster secure two-party computation using garbled circuits},
	Year = {2011}}

@inproceedings{Huang12,
	Author = {Yan Huang and David Evans and Jonathan Katz},
	Booktitle = {Network and Distributed System Security Symposium (NDSS)},
	Title = {Private Set Intersection: Are Garbled Circuits Better than Custom Protocols?},
	Year = {2012}}

@inproceedings{efficientgarble,
	Author = {Mihir Bellare and Viet Tung Hoang and Sriram Keelveedhi and Phillip Rogaway},
	Booktitle = {IEEE Symposium on Security and Privacy},
	Title = {Efficient Garbling from a Fixed-Key Blockcipher},
	Year = {2013}}

@inproceedings{odsmitchell,
	Author = {John C. Mitchell and Joe Zimmerman},
	Booktitle = {STACS},
	Pages = {554-565},
	Title = {Data-Oblivious Data Structures},
	Year = {2014}}

@inproceedings{multicloudoram,
	Author = {Emil Stefanov and Elaine Shi},
	Booktitle = {ACM Conference on Computer and Communications Security (CCS)},
	Title = {Multi-Cloud Oblivious Storage},
	Year = 2013}

@inproceedings{toft11pq,
	Author = {Tomas Toft},
	Booktitle = {PODC},
	Pages = {291-292},
	Title = {Secure data structures based on multi-party computation},
	Year = {2011}}

@article{oblivialg00,
	Author = {Michael T. Goodrich and Olga Ohrimenko and Roberto Tamassia},
	Journal = {CoRR},
	Title = {Data-Oblivious Graph Drawing Model and Algorithms},
	Volume = {abs/1209.0756},
	Year = {2012}}

@inproceedings{oblivialg01,
	Author = {David Eppstein and Michael T. Goodrich and Roberto Tamassia},
	Booktitle = {GIS},
	Pages = {13-22},
	Title = {Privacy-preserving data-oblivious geometric algorithms for geographic data},
	Year = {2010}}

@inproceedings{blantongraph,
	Author = {Blanton, Marina and Steele, Aaron and Alisagari, Mehrdad},
	Booktitle = {Proceedings of the 8th ACM SIGSAC Symposium on Information, Computer and Communications Security},
	Isbn = {978-1-4503-1767-2},
	Numpages = {12},
	Pages = {207--218},
	Publisher = {ACM},
	Series = {ASIA CCS '13},
	Title = {Data-oblivious Graph Algorithms for Secure Computation and Outsourcing},
	Year = {2013}}

@misc{selldata,
	Author = {Edward Wyatt},
	Howpublished = {\url{http://www.nytimes.com/2012/06/13/technology/ftc-levies-first-fine-over-internet-data.html}},
	Title = {{U.S.} Penalizes Online Company in Sale of Personal Data}}

@misc{sitessharedata,
	Author = {Julia Angwin},
	Howpublished = {\url{http://online.wsj.com/article/SB10001424052970204136404577207183258570186.html}},
	Title = {Sites Are Accused of Privacy Failings}}

@misc{protectdata,
	Author = {Mark Sullivan},
	Howpublished = {\url{http://www.pcworld.com/article/249558/protect_our_data_a_digital_consumer_bill_of_rights.html}},
	Title = {Protect Our Data! A Digital Consumer Bill of Rights}}

@inproceedings{blanchet08,
	Author = {Bruno Blanchet and Avik Chaudhuri},
	Booktitle = {IEEE Symposium on Security and Privacy},
	Pages = {417-431},
	Title = {Automated Formal Analysis of a Protocol for Secure File Sharing on Untrusted Storage},
	Year = {2008}}

@article{profverif,
	Acmid = {1576304},
	Address = {Amsterdam, The Netherlands, The Netherlands},
	Author = {Blanchet, Bruno},
	Issn = {0926-227X},
	Issue_Date = {December 2009},
	Journal = {J. Comput. Secur.},
	Month = dec,
	Number = {4},
	Numpages = {72},
	Pages = {363--434},
	Publisher = {IOS Press},
	Title = {Automatic verification of correspondences for security protocols},
	Volume = {17},
	Year = {2009}}

@inproceedings{franklin,
	Author = {Jason Franklin and Sagar Chaki and Anupam Datta and Jonathan M. McCune and Amit Vasudevan},
	Booktitle = {Principles of Security and Trust (POST)},
	Pages = {51-68},
	Title = {Parametric Verification of Address Space Separation},
	Year = {2012}}

@misc{privacyimpediment2,
	Author = {Melissa Dribben},
	Howpublished = {\url{http://articles.philly.com/2012-03-13/news/31160163_1_medical-research-medical-history-controls}},
	Title = {Health-record privacy impeding medical research}}

@misc{privacyimpediment,
	Author = {John Markoff},
	Howpublished = {\url{http://www.nytimes.com/2012/05/22/science/big-data-troves-stay-forbidden-to-social-scientists.html}},
	Title = {Troves of Personal Data, Forbidden to Researchers}}

@misc{acmw,
	Howpublished = {\url{http://women.acm.org/participate/student_chapters.cfm}},
	Title = {{ACM-W} Student Chapters}}

@misc{rsabreach,
	Author = {John Markoff},
	Howpublished = {\url{http://www.nytimes.com/2011/03/18/technology/18secure.html}},
	Title = {{SecurID} Company Suffers a Breach of Data Security}}

@inproceedings{nohype,
	Acmid = {1816010},
	Address = {New York, NY, USA},
	Author = {Keller, Eric and Szefer, Jakub and Rexford, Jennifer and Lee, Ruby B.},
	Booktitle = {Proceedings of the 37th annual international symposium on Computer architecture},
	Isbn = {978-1-4503-0053-7},
	Location = {Saint-Malo, France},
	Numpages = {12},
	Pages = {350--361},
	Publisher = {ACM},
	Series = {ISCA '10},
	Title = {NoHype: virtualized cloud infrastructure without the virtualization},
	Year = {2010}}

@inproceedings{quantlocpriv,
	Acmid = {2006769},
	Address = {Washington, DC, USA},
	Author = {Shokri, Reza and Theodorakopoulos, George and Le Boudec, Jean-Yves and Hubaux, Jean-Pierre},
	Booktitle = {Proceedings of the 2011 IEEE Symposium on Security and Privacy},
	Isbn = {978-0-7695-4402-1},
	Numpages = {16},
	Pages = {247--262},
	Publisher = {IEEE Computer Society},
	Series = {SP '11},
	Title = {Quantifying Location Privacy},
	Year = {2011}}

@inproceedings{dpunderfire,
	Author = {Andreas Haeberlen and Benjamin C. Pierce and Arjun Narayan},
	Booktitle = {Proceedings of the 20th USENIX Security Symposium},
	Location = {San Francisco, CA},
	Month = aug,
	Title = {Differential Privacy Under Fire},
	Year = 2011}

@article{a2m,
	Acmid = {1294280},
	Address = {New York, NY, USA},
	Author = {Chun, Byung-Gon and Maniatis, Petros and Shenker, Scott and Kubiatowicz, John},
	Issn = {0163-5980},
	Issue_Date = {December 2007},
	Journal = {SIGOPS Oper. Syst. Rev.},
	Month = oct,
	Number = {6},
	Numpages = {16},
	Pages = {189--204},
	Publisher = {ACM},
	Title = {Attested append-only memory: making adversaries stick to their word},
	Volume = {41},
	Year = {2007}}

@inproceedings{peerreview,
	Author = {Andreas Haeberlen and Petr Kuznetsov and Peter Druschel},
	Booktitle = {Proceedings of the 21st ACM Symposium on Operating Systems Principles (SOSP'07)},
	Location = {Stevenson, WA},
	Month = {Oct},
	Title = {{PeerReview:} {P}ractical Accountability for Distributed Systems},
	Year = {2007}}

@article{tva,
	Author = {Xiaowei Yang and David Wetherall and Thomas E. Anderson},
	Journal = {IEEE/ACM Trans. Netw.},
	Number = {6},
	Pages = {1267-1280},
	Title = {{TVA}: a {DoS}-limiting network architecture},
	Volume = {16},
	Year = {2008}}

@inproceedings{vc,
	Author = {Rosario Gennaro and Craig Gentry and Bryan Parno},
	Booktitle = {CRYPTO},
	Pages = {465-482},
	Title = {Non-interactive Verifiable Computing: Outsourcing Computation to Untrusted Workers},
	Year = {2010}}

@misc{banks2,
	Howpublished = {\url{http://packetstormsecurity.org/news/view/21129/Hacker-Claims-Breach-Of-79-Banks-Releases-Customer-Data.html}},
	Title = {Hacker claims breach of 79 banks, releases customer data}}

@misc{banks,
	Author = {Zack Whittaker},
	Howpublished = {\url{http://www.zdnet.com/blog/security/hacker-claims-mass-bank-breach-releases-visa-mastercard-data/12519}},
	Title = {Hacker claims mass bank breach; releases Visa, Mastercard data}}

@misc{emailleak,
	Howpublished = {\url{http://digg.com/newsbar/Technology/6gb_emails_from_companies_world_wide_leaked_after_sykes_and_trend_micro_attack_by_c0mrade}},
	Title = {6{GB} Emails from Companies world wide leaked after Sykes and trend micro attack by .c0mrade}}

@inproceedings{oramtrustedhardware03,
	Acmid = {1765315},
	Address = {Berlin, Heidelberg},
	Author = {Asonov, Dmitri and Freytag, Johann-Christoph},
	Booktitle = {Proceedings of the 2nd international conference on Privacy enhancing technologies},
	Isbn = {3-540-00565-X},
	Location = {San Francisco, CA, USA},
	Numpages = {15},
	Pages = {209--223},
	Publisher = {Springer-Verlag},
	Series = {PET'02},
	Title = {Almost optimal private information retrieval},
	Year = {2003}}

@article{oramtrustedhardware02,
	Acmid = {1017213},
	Address = {Riverton, NJ, USA},
	Author = {Smith, S. W. and Safford, D.},
	Issn = {0018-8670},
	Issue_Date = {March 2001},
	Journal = {IBM Syst. J.},
	Month = mar,
	Number = {3},
	Numpages = {13},
	Pages = {683--695},
	Publisher = {IBM Corp.},
	Title = {Practical server privacy with secure coprocessors},
	Volume = {40},
	Year = {2001}}

@article{oramtrustedhardware01,
	Acmid = {1058334},
	Address = {Piscataway, NJ, USA},
	Author = {Iliev, Alexander and Smith, Sean W.},
	Issn = {1540-7993},
	Issue_Date = {March 2005},
	Journal = {IEEE Security and Privacy},
	Month = mar,
	Number = {2},
	Numpages = {9},
	Pages = {20--28},
	Publisher = {IEEE Educational Activities Department},
	Title = {Protecting Client Privacy with Trusted Computing at the Server},
	Volume = {3},
	Year = {2005}}

@inproceedings{accesspatternleak,
	Author = {Mohammad Islam and Mehmet Kuzu and Murat Kantarcioglu},
	Booktitle = {Network and Distributed System Security Symposium (NDSS)},
	Title = {Access Pattern disclosure on Searchable Encryption: Ramification, Attack and Mitigation},
	Year = {2012}}

@inproceedings{deniablesearch,
	Author = {Mummoorthy Murugesan and Chris Clifton},
	Booktitle = {SDM},
	Pages = {768-779},
	Title = {Providing Privacy through Plausibly Deniable Search},
	Year = {2009}}

@misc{trackmenot,
	Author = {Daniel C. Howe and Helen Nissenbaum},
	Howpublished = {\url{http://cs.nyu.edu/trackmenot/}},
	Title = {TrackMeNot: Resisting Surveillance in Web Search}}

@inproceedings{juelsad,
	Acmid = {680791},
	Address = {London, UK, UK},
	Author = {Juels, Ari},
	Booktitle = {Proceedings of the 2001 Conference on Topics in Cryptology: The Cryptographer's Track at RSA},
	Isbn = {3-540-41898-9},
	Numpages = {17},
	Pages = {408--424},
	Publisher = {Springer-Verlag},
	Series = {CT-RSA 2001},
	Title = {Targeted Advertising ... And Privacy Too},
	Year = {2001}}

@misc{nurikabe,
	Author = {Dave Levin and Bobby Bhattacharjee and John R. Douceur and Jacob R. Lorch and James Mickens and Thomas Moscibroda},
	Howpublished = {Manuscript},
	Title = {Nurikabe: Private yet Accountable Online Advertising}}

@incollection{jointstate,
	Author = {Canetti, Ran and Rabin, Tal},
	Booktitle = {Advances in Cryptology-Crypto 2003},
	Pages = {265--281},
	Publisher = {Springer},
	Title = {Universal composition with joint state},
	Year = {2003}}

@inproceedings{sigkdd12,
	Author = {Neil Zhenqiang Gong and Ameet Talwalkar and Lester Mackey and Ling Huang and Eui Chul Richard Shin and Emil Stefanov and Elaine Shi and Dawn Song},
	Booktitle = {ACM workshop on Social Network Mining and Analysis (SNA-KDD)},
	Title = {Jointly Predicting Links and Inferring Attributes with a Social-Attribute Network: an Empirical Study using Google+},
	Year = {2012}}

@inproceedings{netflixdeanon,
	Author = {Arvind Narayanan and Vitaly Shmatikov},
	Booktitle = {IEEE Symposium on Security and Privacy},
	Pages = {111-125},
	Title = {Robust De-anonymization of Large Sparse Datasets},
	Year = {2008}}

@misc{uci,
	Howpublished = {\url{http://archive.ics.uci.edu/ml/datasets.html}},
	Title = {{UCI} Machine Learning Repository}}

@misc{mc2aces,
	Howpublished = {\url{http://www.cyber.umd.edu/news/news_story.php?id=6556}},
	Title = {Unique Program To Educate Next Generation of {U.S.} Cybersecurity Leaders}}

@misc{reumc2,
	Howpublished = {\url{http://www.cyber.umd.edu/reu-cs-scholars/index.html}},
	Title = {Maryland Cybersecurity Center ({MC2}) Cybersecurity Scholars {REU} Program}}

@misc{cmsc818j,
	Author = {Elaine Shi},
	Howpublished = {\url{http://www.cs.umd.edu/~elaine/teaching/privacy-f12/}},
	Title = {{CMSC 818J}: Privacy Enhancing Technologies: From Theory to Practice},
	Year = {2012}}

@misc{privacycourse,
	Author = {Elaine Shi and Dawn Song},
	Howpublished = {\url{http://www.cs.berkeley.edu/~dawnsong/teaching/s11-cs294/}},
	Title = {{CS} 294-65: Privacy Technologies: From Theory to Practice},
	Year = {2011}}

@misc{clouddm,
	Author = {Michael Farber and Mike Cameron and Christopher Ellis and Josh Sullivan},
	Howpublished = {\url{http://www.boozallen.com/media/file/MassiveData.pdf}},
	Title = {Massive Data Analytics and the Cloud: A Revolution in Intelligence Analysis}}

@inproceedings{cachesidechannel02,
	Acmid = {1885202},
	Address = {Berlin, Heidelberg},
	Author = {Domnitser, Leonid and Abu-Ghazaleh, Nael and Ponomarev, Dmitry},
	Booktitle = {Proceedings of the 5th international conference on Mathematical methods, models and architectures for computer network security},
	Isbn = {3-642-14705-4, 978-3-642-14705-0},
	Location = {St. Petersburg, Russia},
	Numpages = {16},
	Pages = {70--85},
	Publisher = {Springer-Verlag},
	Series = {MMM-ACNS'10},
	Title = {A predictive model for cache-based side channels in multicore and multithreaded microprocessors},
	Year = {2010}}

@inproceedings{cacheaes,
	Acmid = {2006784},
	Address = {Washington, DC, USA},
	Author = {Gullasch, David and Bangerter, Endre and Krenn, Stephan},
	Booktitle = {Proceedings of the 2011 IEEE Symposium on Security and Privacy},
	Isbn = {978-0-7695-4402-1},
	Numpages = {16},
	Pages = {490--505},
	Publisher = {IEEE Computer Society},
	Series = {SP '11},
	Title = {Cache Games -- Bringing Access-Based Cache Attacks on {AES} to Practice},
	Year = {2011}}

@inproceedings{getoffmycloud,
	Acmid = {1653687},
	Address = {New York, NY, USA},
	Author = {Ristenpart, Thomas and Tromer, Eran and Shacham, Hovav and Savage, Stefan},
	Booktitle = {ACM Conference on Computer and Communications Security (CCS)},
	Isbn = {978-1-60558-894-0},
	Location = {Chicago, Illinois, USA},
	Numpages = {14},
	Pages = {199--212},
	Publisher = {ACM},
	Title = {Hey, you, get off of my cloud: exploring information leakage in third-party compute clouds},
	Year = {2009}}

@inproceedings{cachesidechannel,
	Author = {John Demme and Robert Martin and Adam Waksman and Simha Sethumadhavan},
	Booktitle = {International Symposium on Computer Architecture (ISCA)},
	Title = {Side-channel Vulnerability Factor: A Metric for Measuring Information Leakage},
	Year = {2012}}

@inproceedings{privatecf,
	Acmid = {830525},
	Address = {Washington, DC, USA},
	Author = {Canny, John},
	Booktitle = {Proceedings of the 2002 IEEE Symposium on Security and Privacy},
	Isbn = {0-7695-1543-6},
	Publisher = {IEEE Computer Society},
	Series = {SP '02},
	Title = {Collaborative Filtering with Privacy},
	Year = {2002}}

@article{cf,
	Author = {David Goldberg and David A. Nichols and Brian M. Oki and Douglas B. Terry},
	Journal = {Commun. ACM},
	Number = {12},
	Pages = {61-70},
	Title = {Using Collaborative Filtering to Weave an Information Tapestry},
	Volume = {35},
	Year = {1992}}

@article{dpnettrace,
	Acmid = {1851199},
	Address = {New York, NY, USA},
	Author = {McSherry, Frank and Mahajan, Ratul},
	Issn = {0146-4833},
	Issue_Date = {August 2011},
	Journal = {SIGCOMM Comput. Commun. Rev.},
	Month = aug,
	Number = {4},
	Publisher = {ACM},
	Title = {Differentially-private network trace analysis},
	Volume = {41},
	Year = {2010}}

@inproceedings{persona,
	Acmid = {1592585},
	Address = {New York, NY, USA},
	Author = {Baden, Randy and Bender, Adam and Spring, Neil and Bhattacharjee, Bobby and Starin, Daniel},
	Booktitle = {Proceedings of the ACM SIGCOMM 2009 conference on Data communication},
	Isbn = {978-1-60558-594-9},
	Location = {Barcelona, Spain},
	Numpages = {12},
	Pages = {135--146},
	Publisher = {ACM},
	Series = {SIGCOMM '09},
	Title = {Persona: an online social network with user-defined privacy},
	Year = {2009}}

@inproceedings{koi,
	Address = {San Jose, CA},
	Author = {Saikat Guha and Mudit Jain and Venkata Padmanabhan},
	Booktitle = {{Proceedings of the 9th Symposium on Networked Systems Design and Implementation (NSDI)}},
	Month = {Apr},
	Title = {Koi: A Location-Privacy Platform for Smartphone Apps},
	Year = {2012}}

@inproceedings{aoldata,
	Acmid = {1526733},
	Address = {New York, NY, USA},
	Author = {Korolova, Aleksandra and Kenthapadi, Krishnaram and Mishra, Nina and Ntoulas, Alexandros},
	Booktitle = {Proceedings of the 18th international conference on World wide web},
	Doi = {10.1145/1526709.1526733},
	Isbn = {978-1-60558-487-4},
	Keywords = {data release, differential privacy, query click graph, search logs},
	Location = {Madrid, Spain},
	Numpages = {10},
	Pages = {171--180},
	Publisher = {ACM},
	Series = {WWW '09},
	Title = {Releasing search queries and clicks privately},
	Url = {http://doi.acm.org/10.1145/1526709.1526733},
	Year = {2009},
	Bdsk-Url-1 = {http://doi.acm.org/10.1145/1526709.1526733},
	Bdsk-Url-2 = {http://dx.doi.org/10.1145/1526709.1526733}}

@inproceedings{netapp00,
	Acmid = {1404030},
	Address = {Berkeley, CA, USA},
	Author = {Leung, Andrew W. and Pasupathy, Shankar and Goodson, Garth and Miller, Ethan L.},
	Booktitle = {USENIX 2008 Annual Technical Conference on Annual Technical Conference},
	Location = {Boston, Massachusetts},
	Numpages = {14},
	Pages = {213--226},
	Publisher = {USENIX Association},
	Series = {ATC'08},
	Title = {Measurement and analysis of large-scale network file system workloads},
	Url = {http://dl.acm.org/citation.cfm?id=1404014.1404030},
	Year = {2008},
	Bdsk-Url-1 = {http://dl.acm.org/citation.cfm?id=1404014.1404030}}

@inproceedings{netapp01,
	Acmid = {2043562},
	Address = {New York, NY, USA},
	Author = {Chen, Yanpei and Srinivasan, Kiran and Goodson, Garth and Katz, Randy},
	Booktitle = {Proceedings of the Twenty-Third ACM Symposium on Operating Systems Principles},
	Isbn = {978-1-4503-0977-6},
	Location = {Cascais, Portugal},
	Numpages = {14},
	Pages = {43--56},
	Publisher = {ACM},
	Series = {SOSP '11},
	Title = {Design implications for enterprise storage systems via multi-dimensional trace analysis},
	Year = {2011}}

@inproceedings{danezis11,
	Author = {George Danezis and Benjamin Livshits},
	Booktitle = {ACM Cloud Computing Security Workshop (CCSW)},
	Pages = {125-130},
	Title = {Towards ensuring client-side computational integrity},
	Year = {2011}}

@article{p5,
	Author = {Rob Sherwood and Bobby Bhattacharjee and Aravind Srinivasan},
	Journal = {Journal of Computer Security},
	Number = {6},
	Pages = {839-876},
	Title = {P$^{\mbox{5}}$: A protocol for scalable anonymous communication},
	Volume = {13},
	Year = {2005}}

@inproceedings{noiselesspriv,
	Author = {Raghav Bhaskar and Abhishek Bhowmick and Vipul Goyal and Srivatsan Laxman and Abhradeep Thakurta},
	Booktitle = {ASIACRYPT},
	Pages = {215-232},
	Title = {Noiseless Database Privacy},
	Year = {2011}}

@inproceedings{cbp,
	Author = {Johannes Gehrke and Michael Hay and Edward Lui and Rafael Pass},
	Booktitle = {CRYPTO},
	Title = {Crowd-Blending Privacy},
	Year = {2012}}

@article{amazon00,
	Acmid = {613654},
	Address = {Piscataway, NJ, USA},
	Author = {Ramakrishnan, Naren and Keller, Benjamin J. and Mirza, Batul J. and Grama, Ananth Y. and Karypis, George},
	Issn = {1089-7801},
	Issue_Date = {November 2001},
	Journal = {IEEE Internet Computing},
	Month = nov,
	Number = {6},
	Numpages = {9},
	Pages = {54--62},
	Publisher = {IEEE Educational Activities Department},
	Title = {Privacy Risks in Recommender Systems},
	Volume = {5},
	Year = {2001}}

@inproceedings{amazon01,
	Author = {Joseph A. Calandrino and Ann Kilzer and Arvind Narayanan and Edward W. Felten and Vitaly Shmatikov},
	Booktitle = {IEEE Symposium on Security and Privacy},
	Pages = {231-246},
	Title = {``{Y}ou Might Also Like:'' Privacy Risks of Collaborative Filtering},
	Year = {2011}}

@misc{lxc,
	Howpublished = {\url{http://lxc.sourceforge.net/}},
	Title = {lxc Linux Containers}}

@misc{linuxvul,
	Howpublished = {\url{http://hypervisor.org/}},
	Title = {Vulnerability Report: Linux Kernel 2.4.x}}

@article{attestation01,
	Author = {Thomas Moyer and Kevin R. B. Butler and Joshua Schiffman and Patrick McDaniel and Trent Jaeger},
	Journal = {IEEE Trans. Computers},
	Number = {5},
	Pages = {686-699},
	Title = {Scalable Web Content Attestation},
	Volume = {61},
	Year = {2012}}

@inproceedings{attestation02,
	Author = {Joshua Schiffman and Thomas Moyer and Hayawardh Vijayakumar and Trent Jaeger and Patrick McDaniel},
	Booktitle = {ACM Cloud Computing Security Workshop (CCSW)},
	Pages = {43-46},
	Title = {Seeding clouds with trust anchors},
	Year = {2010}}

@inproceedings{attestation03,
	Author = {Luke St. Clair and Joshua Schiffman and Trent Jaeger and Patrick McDaniel},
	Booktitle = {Annual Computer Security Applications Conference (ACSAC)},
	Pages = {19-29},
	Title = {Establishing and Sustaining System Integrity via Root of Trust Installation},
	Year = {2007}}

@inproceedings{attestation04,
	Author = {Trent Jaeger and Reiner Sailer and Umesh Shankar},
	Booktitle = {ACM Symposium on Access Control Models and Technologies (SACMAT)},
	Pages = {19-28},
	Title = {PRIMA: policy-reduced integrity measurement architecture},
	Year = {2006}}

@inproceedings{attestation05,
	Author = {Reiner Sailer and Trent Jaeger and Xiaolan Zhang and Leendert van Doorn},
	Booktitle = {ACM Conference on Computer and Communications Security},
	Pages = {308-317},
	Title = {Attestation-based policy enforcement for remote access},
	Year = {2004}}

@inproceedings{attestation06,
	Acmid = {1362919},
	Address = {Berkeley, CA, USA},
	Articleno = {16},
	Author = {Kauer, Bernhard},
	Booktitle = {Proceedings of 16th USENIX Security Symposium on USENIX Security Symposium},
	Isbn = {111-333-5555-77-9},
	Location = {Boston, MA},
	Numpages = {9},
	Pages = {16:1--16:9},
	Publisher = {USENIX Association},
	Series = {SS'07},
	Title = {OSLO: improving the security of trusted computing},
	Url = {http://dl.acm.org/citation.cfm?id=1362903.1362919},
	Year = {2007},
	Bdsk-Url-1 = {http://dl.acm.org/citation.cfm?id=1362903.1362919}}

@inproceedings{attestation07,
	Author = {Bryan Parno and Jacob R. Lorch and John R. Douceur and James W. Mickens and Jonathan M. McCune},
	Booktitle = {IEEE Symposium on Security and Privacy},
	Pages = {379-394},
	Title = {Memoir: Practical State Continuity for Protected Modules},
	Year = {2011}}

@inproceedings{attestation08,
	Author = {Jonathan M. McCune and Bryan Parno and Adrian Perrig and Michael K. Reiter and Arvind Seshadri},
	Booktitle = {IEEE Symposium on Security and Privacy},
	Jyear = {2007},
	Pages = {267-272},
	Title = {Minimal {TCB} Code Execution}}

@article{trinocchio,
	Author = {Schoenmakers, Berry and Veeningen, Meilof and de Vreede, Niels},
	Title = {Trinocchio: Privacy-Friendly Outsourcing by Distributed Verifiable Computation}}

@inproceedings{attestation09,
	Acmid = {1558978},
	Address = {Berkeley, CA, USA},
	Author = {Levin, Dave and Douceur, John R. and Lorch, Jacob R. and Moscibroda, Thomas},
	Booktitle = {Proceedings of the 6th USENIX symposium on Networked systems design and implementation},
	Location = {Boston, Massachusetts},
	Numpages = {14},
	Pages = {1--14},
	Publisher = {USENIX Association},
	Series = {NSDI'09},
	Title = {TrInc: small trusted hardware for large distributed systems},
	Url = {http://dl.acm.org/citation.cfm?id=1558977.1558978},
	Year = {2009},
	Bdsk-Url-1 = {http://dl.acm.org/citation.cfm?id=1558977.1558978}}

@inproceedings{Seshadri:2006:SSC:1161289.1161306,
	Acmid = {1161306},
	Address = {New York, NY, USA},
	Author = {Seshadri, Arvind and Luk, Mark and Perrig, Adrian and van Doorn, Leendert and Khosla, Pradeep},
	Booktitle = {Proceedings of the 5th ACM workshop on Wireless security},
	Isbn = {1-59593-557-6},
	Location = {Los Angeles, California},
	Numpages = {10},
	Pages = {85--94},
	Publisher = {ACM},
	Series = {WiSe '06},
	Title = {SCUBA: Secure Code Update By Attestation in sensor networks},
	Year = {2006}}

@inproceedings{DBLP:conf/esorics/PeritoT10,
	Author = {Daniele Perito and Gene Tsudik},
	Booktitle = {ESORICS},
	Pages = {643-662},
	Title = {Secure Code Update for Embedded Devices via Proofs of Secure Erasure},
	Year = {2010}}

@mastersthesis{Wagner2011,
	Author = {Steffen Wagner},
	Month = feb,
	School = {Technische Universit\"{a}t M\"{u}nchen},
	Title = {Attestation and Secure Code Update for Trusted Sensor Nodes},
	Type = {Master's thesis},
	Url = {http://www.sec.in.tum.de/assets/studentwork/finished/Wagner2011.pdf},
	Year = {2011},
	Bdsk-Url-1 = {http://www.sec.in.tum.de/assets/studentwork/finished/Wagner2011.pdf}}

@inproceedings{encrypt00,
	Acmid = {802212},
	Address = {New York, NY, USA},
	Author = {Goldwasser, Shafi and Micali, Silvio},
	Booktitle = {Proceedings of the fourteenth annual ACM symposium on Theory of computing},
	Isbn = {0-89791-070-2},
	Location = {San Francisco, California, United States},
	Numpages = {13},
	Pages = {365--377},
	Publisher = {ACM},
	Series = {STOC '82},
	Title = {Probabilistic encryption \& how to play mental poker keeping secret all partial information},
	Year = {1982}}

@book{encrypt01,
	Address = {Berlin, Heidelberg, New York},
	Author = {Daemen, Joan and Rijmen, Vincent},
	Isbn = {3-540-42580-2},
	Publisher = {Springer Verlag},
	Timestamp = {2008-12-05T20:59:29.000+0100},
	Title = {The Design of Rijndael: {AES} - The Advanced Encryption Standard},
	Year = 2002}

@inproceedings{encrypt02,
	Author = {Paul Crowley},
	Booktitle = {Fast Software Encryption (FSE)},
	Pages = {49-63},
	Title = {{Mercy}: A Fast Large Block Cipher for Disk Sector Encryption},
	Year = 2000}

@inproceedings{integrity00,
	Acmid = {1432486},
	Address = {Berlin, Heidelberg},
	Author = {Goodrich, Michael T. and Papamanthou, Charalampos and Tamassia, Roberto and Triandopoulos, Nikos},
	Booktitle = {Proceedings of the 11th international conference on Information Security},
	Isbn = {978-3-540-85884-3},
	Location = {Taipei, Taiwan},
	Numpages = {17},
	Pages = {80--96},
	Publisher = {Springer-Verlag},
	Series = {ISC '08},
	Title = {Athos: Efficient Authentication of Outsourced File Systems},
	Year = {2008}}

@inproceedings{integrity01,
	Acmid = {118230},
	Address = {New York, NY, USA},
	Author = {Merkle, Ralph C.},
	Booktitle = {Proceedings on Advances in cryptology},
	Isbn = {0-387-97317-6},
	Location = {Santa Barbara, California, United States},
	Numpages = {21},
	Pages = {218--238},
	Publisher = {Springer-Verlag New York, Inc.},
	Series = {CRYPTO '89},
	Title = {A certified digital signature},
	Year = {1989}}

@inproceedings{integrity02,
	Acmid = {1362916},
	Address = {Berkeley, CA, USA},
	Articleno = {13},
	Author = {Oprea, Alina and Reiter, Michael K.},
	Booktitle = {Proceedings of 16th USENIX Security Symposium on USENIX Security Symposium},
	Isbn = {111-333-5555-77-9},
	Location = {Boston, MA},
	Numpages = {16},
	Pages = {13:1--13:16},
	Publisher = {USENIX Association},
	Series = {SS'07},
	Title = {Integrity checking in cryptographic file systems with constant trusted storage},
	Year = {2007}}

@inproceedings{integrity03,
	Acmid = {1306910},
	Address = {Washington, DC, USA},
	Author = {Pletka, Roman and Cachin, Christian},
	Booktitle = {Proceedings of the 24th IEEE Conference on Mass Storage Systems and Technologies},
	Isbn = {0-7695-3025-7},
	Numpages = {6},
	Pages = {227--232},
	Publisher = {IEEE Computer Society},
	Series = {MSST '07},
	Title = {Cryptographic Security for a High-Performance Distributed File System},
	Year = {2007}}

@inproceedings{integrity04,
	Author = {Matt Blaze},
	Booktitle = {ACM Conference on Computer and Communications Security (CCS)},
	Pages = {9-16},
	Title = {A Cryptographic File System for UNIX},
	Year = {1993}}

@inproceedings{integrity05,
	Author = {Aris Anagnostopoulos and Michael T. Goodrich and Roberto Tamassia},
	Booktitle = {Proc. of the Information Security Conference 2001 ({ISC 2001})},
	Pages = {379--393},
	Publisher = {Springer},
	Title = {Persistent Authenticated Dictionaries and Their Applications},
	Year = {2001}}

@inproceedings{integrity06,
	Author = {Eu-Jin Goh and Hovav Shacham and Nagendra Modadugu and Dan Boneh},
	Booktitle = {Network and Distributed System Security Symposium (NDSS)},
	Title = {SiRiUS: Securing Remote Untrusted Storage},
	Year = {2003}}

@inproceedings{integrity07,
	Acmid = {1083325},
	Address = {Berkeley, CA, USA},
	Articleno = {1},
	Author = {Miller, Ethan and Long, Darrell and Freeman, William and Reed, Benjamin},
	Booktitle = {Proceedings of the 1st USENIX Conference on File and Storage Technologies},
	Location = {Monterey, CA},
	Publisher = {USENIX Association},
	Series = {FAST '02},
	Title = {Strong Security for Network-Attached Storage},
	Year = {2002}}

@inproceedings{integrity08,
	Author = {Alina Oprea and Michael K. Reiter},
	Booktitle = {Network and Distributed System Security Symposium (NDSS)},
	Title = {Space-Efficient Block Storage Integrity},
	Year = {2005}}

@inproceedings{integrity09,
	Author = {Charalampos Papamanthou and Roberto Tamassia},
	Booktitle = {ICICS},
	Pages = {1-15},
	Title = {Time and Space Efficient Algorithms for Two-Party Authenticated Data Structures},
	Year = {2007}}

@inproceedings{integrity10,
	Acmid = {1314364},
	Address = {New York, NY, USA},
	Author = {van Dijk, Marten and Rhodes, Jonathan and Sarmenta, Luis F. G. and Devadas, Srinivas},
	Booktitle = {Proceedings of the 2007 ACM workshop on Scalable trusted computing},
	Isbn = {978-1-59593-888-6},
	Keywords = {TPM, forking attack, freshness, integrity checking, replay attack, untrusted storage, virtual monotonic counters},
	Location = {Alexandria, Virginia, USA},
	Numpages = {8},
	Pages = {41--48},
	Publisher = {ACM},
	Series = {STC '07},
	Title = {Offline untrusted storage with immediate detection of forking and replay attacks},
	Year = {2007}}

@inproceedings{integrity11,
	Author = {Aydan R. Yumerefendi and Jeffrey S. Chase},
	Booktitle = {FAST},
	Pages = {77-92},
	Title = {Strong Accountability for Network Storage},
	Year = {2007}}

@inproceedings{integrity12,
	Acmid = {715628},
	Address = {Berkeley, CA, USA},
	Author = {Cattaneo, Giuseppe and Catuogno, Luigi and Sorbo, Aniello Del and Persiano, Pino},
	Booktitle = {Proceedings of the FREENIX Track: 2001 USENIX Annual Technical Conference},
	Isbn = {1-880446-10-3},
	Numpages = {14},
	Pages = {199--212},
	Publisher = {USENIX Association},
	Title = {The Design and Implementation of a Transparent Cryptographic File System for UNIX},
	Year = {2001}}

@inproceedings{integrity13,
	Author = {Kevin Fu and M. Frans Kaashoek and David Mazi{\`e}res},
	Booktitle = {OSDI},
	Pages = {181-196},
	Title = {Fast and Secure Distributed Read-Only File System},
	Year = {2000}}

@inproceedings{integrity14,
	Acmid = {1090712},
	Address = {Berkeley, CA, USA},
	Author = {Aguilera, Marcos K. and Ji, Minwen and Lillibridge, Mark and MacCormick, John and Oertli, Erwin and Andersen, Dave and Burrows, Mike and Mann, Timothy and Thekkath, Chandramohan A.},
	Booktitle = {Proceedings of the 2nd USENIX Conference on File and Storage Technologies},
	Location = {San Francisco, CA},
	Numpages = {16},
	Pages = {159--174},
	Publisher = {USENIX Association},
	Series = {FAST '03},
	Title = {Block-Level Security for Network-Attached Disks},
	Year = {2003}}

@inproceedings{integrity15,
	Author = {Jinyuan Li and Maxwell N. Krohn and David Mazi{\`e}res and Dennis Shasha},
	Booktitle = {OSDI},
	Pages = {121-136},
	Title = {Secure Untrusted Data Repository ({SUNDR})},
	Year = {2004}}

@inproceedings{Anagnostopoulos:2001:PAD:648025.744371,
	Author = {Anagnostopoulos, Aris and Goodrich, Michael T. and Tamassia, Roberto},
	Booktitle = {ISC},
	Title = {Persistent Authenticated Dictionaries and Their Applications},
	Year = {2001}}

@article{bertino99,
	Acmid = {306687},
	Address = {New York, NY, USA},
	Author = {Bertino, Elisa and Jajodia, Sushil and Samarati, Pierangela},
	Issn = {1046-8188},
	Issue_Date = {April 1999},
	Journal = {ACM Trans. Inf. Syst.},
	Month = apr,
	Number = {2},
	Numpages = {40},
	Pages = {101--140},
	Publisher = {ACM},
	Title = {A flexible authorization mechanism for relational data management systems},
	Volume = {17},
	Year = {1999}}

@article{onlinepriv,
	Author = {Anthony D. Miyazaki and Aan Fernandez},
	Journal = {Journal of Consumer Affairs},
	Pages = {38--39},
	Title = {Consumer Perceptions of Privacy and Security Risks for Online Shopping},
	Vol = 35}

@article{wireless04,
	Author = {Elaine Shi and Adrian Perrig},
	Journal = {Wireless Communication Magazine},
	Month = dec,
	Number = 6,
	Online = {http://sparrow.ece.cmu.edu/~elaine/docs/securesensornet.pdf},
	Pages = {38--43},
	Title = {Designing Secure Sensor Networks},
	Volume = 11,
	Year = 2004}

@article{anon00,
	Acmid = {774552},
	Address = {River Edge, NJ, USA},
	Author = {Sweeney, Latanya},
	Issn = {0218-4885},
	Issue_Date = {October 2002},
	Journal = {Int. J. Uncertain. Fuzziness Knowl.-Based Syst.},
	Month = oct,
	Number = {5},
	Numpages = {14},
	Pages = {557--570},
	Publisher = {World Scientific Publishing Co., Inc.},
	Title = {k-anonymity: a model for protecting privacy},
	Volume = {10},
	Year = {2002}}

@inproceedings{anon01,
	Acmid = {1378604},
	Address = {New York, NY, USA},
	Author = {Hoh, Baik and Gruteser, Marco and Herring, Ryan and Ban, Jeff and Work, Daniel and Herrera, Juan-Carlos and Bayen, Alexandre M. and Annavaram, Murali and Jacobson, Quinn},
	Booktitle = {Proceedings of the 6th international conference on Mobile systems, applications, and services},
	Isbn = {978-1-60558-139-2},
	Location = {Breckenridge, CO, USA},
	Numpages = {14},
	Pages = {15--28},
	Publisher = {ACM},
	Series = {MobiSys '08},
	Title = {Virtual trip lines for distributed privacy-preserving traffic monitoring},
	Year = {2008}}

@article{anon02,
	Acmid = {1217302},
	Address = {New York, NY, USA},
	Articleno = {3},
	Author = {Machanavla, Ashwin and Kifer, Daniel and Gehrke, Johannes and Venkitasubramaniam, Muthuramakrishnan},
	Issn = {1556-4681},
	Issue_Date = {March 2007},
	Journal = {ACM Trans. Knowl. Discov. Data},
	Month = mar,
	Number = {1},
	Publisher = {ACM},
	Title = {L-diversity: Privacy beyond k-anonymity},
	Volume = {1},
	Year = {2007}}

@inproceedings{anon03,
	Author = {Ninghui Li and Tiancheng Li and Suresh Venkatasubramanian},
	Booktitle = {ICDE},
	Pages = {106-115},
	Title = {t-Closeness: Privacy Beyond k-Anonymity and l-Diversity},
	Year = {2007}}

@inproceedings{anon04,
	Author = {Hsu-Chun Hsiao and Tiffany Hyun-Jin Kim and Adrian Perrig and Akira Yamada and Samuel C. Nelson and Marco Gruteser and Wei Meng},
	Booktitle = {Proceedings of the IEEE Symposium on Security and Privacy},
	Month = may,
	Title = {{LAP}: Lightweight Anonymity and Privacy},
	Year = 2012}

@inproceedings{anon05,
	Acmid = {1251396},
	Address = {Berkeley, CA, USA},
	Author = {Dingledine, Roger and Mathewson, Nick and Syverson, Paul},
	Booktitle = {Proceedings of the 13th conference on USENIX Security Symposium - Volume 13},
	Location = {San Diego, CA},
	Numpages = {1},
	Pages = {21--21},
	Publisher = {USENIX Association},
	Series = {SSYM'04},
	Title = {Tor: the second-generation onion router},
	Year = {2004}}

@inproceedings{anon06,
	Acmid = {371968},
	Address = {New York, NY, USA},
	Author = {Pfitzmann, Andreas and K\"{o}hntopp, Marit},
	Booktitle = {International workshop on Designing privacy enhancing technologies: design issues in anonymity and unobservability},
	Isbn = {3-540-41724-9},
	Location = {Berkeley, California, United States},
	Numpages = {9},
	Pages = {1--9},
	Publisher = {Springer-Verlag New York, Inc.},
	Title = {Anonymity, unobservability, and pseudeonymity \&\#8212; a proposal for terminology},
	Year = {2001}}

@inproceedings{anon07,
	Acmid = {586137},
	Address = {New York, NY, USA},
	Author = {Freedman, Michael J. and Morris, Robert},
	Booktitle = {ACM Conference on Computer and Communications Security (CCS)},
	Isbn = {1-58113-612-9},
	Location = {Washington, DC, USA},
	Numpages = {14},
	Pages = {193--206},
	Publisher = {ACM},
	Title = {Tarzan: a peer-to-peer anonymizing network layer},
	Year = {2002}}

@inproceedings{anon08,
	Author = {Steve DiBenedetto and Paolo Gasti and Gene Tsudik and Ersin Uzun},
	Booktitle = {Network and Distributed System Security Symposium},
	Title = {{ANDaNA}: Anonymous Named Data Networking Application},
	Year = {2012}}

@inproceedings{anon09,
	Acmid = {1614513},
	Address = {Berlin, Heidelberg},
	Author = {Sherr, Micah and Blaze, Matt and Loo, Boon Thau},
	Booktitle = {Proceedings of the 9th International Symposium on Privacy Enhancing Technologies},
	Isbn = {978-3-642-03167-0},
	Location = {Seattle, WA},
	Numpages = {21},
	Pages = {73--93},
	Publisher = {Springer-Verlag},
	Series = {PETS '09},
	Title = {Scalable Link-Based Relay Selection for Anonymous Routing},
	Year = {2009}}

@inproceedings{anon10,
	Author = {Sachin Katti and Jeff Cohen and Dina Katabi},
	Booktitle = {USENIX Symposium on Networked Systems Design and Implementation (NSDI)},
	Title = {Information Slicing: Anonymity Using Unreliable Overlays},
	Year = {2007}}

@article{anon11,
	Acmid = {290168},
	Address = {New York, NY, USA},
	Author = {Reiter, Michael K. and Rubin, Aviel D.},
	Issn = {1094-9224},
	Issue_Date = {Nov. 1998},
	Journal = {ACM Transactions of Information and System Security (TISSEC)},
	Month = nov,
	Number = {1},
	Numpages = {27},
	Pages = {66--92},
	Publisher = {ACM},
	Title = {Crowds: anonymity for Web transactions},
	Volume = {1},
	Year = {1998}}

@inproceedings{anon12,
	Acmid = {352607},
	Author = {Shields, Clay and Levine, Brian Neil},
	Booktitle = {ACM Conference on Computer and Communications Security (CCS)},
	Pages = {33--42},
	Title = {A protocol for anonymous communication over the Internet},
	Year = {2000}}

@article{anon13,
	Acmid = {1698753},
	Address = {New York, NY, USA},
	Articleno = {13},
	Author = {Hopper, Nicholas and Vasserman, Eugene Y. and Chan-TIN, Eric},
	Issn = {1094-9224},
	Issue_Date = {February 2010},
	Journal = {ACM Transactions of Information and System Security (TISSEC)},
	Month = mar,
	Number = {2},
	Numpages = {28},
	Pages = {13:1--13:28},
	Publisher = {ACM},
	Title = {How much anonymity does network latency leak?},
	Volume = {13},
	Year = {2010}}

@inproceedings{anon14,
	Acmid = {1614517},
	Address = {Berlin, Heidelberg},
	Author = {Raghavan, Barath and Kohno, Tadayoshi and Snoeren, Alex C. and Wetherall, David},
	Booktitle = {Proceedings of the 9th International Symposium on Privacy Enhancing Technologies},
	Isbn = {978-3-642-03167-0},
	Location = {Seattle, WA},
	Numpages = {21},
	Pages = {143--163},
	Publisher = {Springer-Verlag},
	Series = {PETS '09},
	Title = {Enlisting {ISP}s to Improve Online Privacy: IP Address Mixing by Default},
	Year = {2009}}

@inproceedings{chaum-ecash,
	Author = {Chaum, David and Fiat, Amos and Naor, Moni},
	Booktitle = {Proceedings on Advances in cryptology},
	Organization = {Springer-Verlag New York, Inc.},
	Pages = {319--327},
	Title = {Untraceable electronic cash},
	Year = {1990}}

@article{anon15,
	Acmid = {358563},
	Address = {New York, NY, USA},
	Author = {Chaum, David L.},
	Issn = {0001-0782},
	Issue_Date = {Feb. 1981},
	Journal = {Commun. ACM},
	Month = feb,
	Number = {2},
	Numpages = {7},
	Pages = {84--90},
	Publisher = {ACM},
	Title = {Untraceable electronic mail, return addresses, and digital pseudonyms},
	Volume = {24},
	Year = {1981}}

@inproceedings{anon16,
	Author = {Jan Camenisch and Anna Lysyanskaya},
	Booktitle = {EUROCRYPT},
	Pages = {93-118},
	Title = {An Efficient System for Non-transferable Anonymous Credentials with Optional Anonymity Revocation},
	Year = {2001}}

@inproceedings{anon17,
	Author = {Jan Camenisch and Anna Lysyanskaya},
	Booktitle = {CRYPTO},
	Pages = {56-72},
	Title = {Signature Schemes and Anonymous Credentials from Bilinear Maps},
	Year = {2004}}

@incollection{anon18,
	Author = {Jan Camenisch and Ronald Leenes and Marit Hansen and Jan Schallab{\"o}ck},
	Booktitle = {Digital Privacy - {PRIME}},
	Pages = {3-21},
	Title = {An Introduction to Privacy-Enhancing Identity Management},
	Year = {2011}}

@article{anon19,
	Author = {Claudio Agostino Ardagna and Jan Camenisch and Markulf Kohlweiss and Ronald Leenes and Gregory Neven and Bart Priem and Pierangela Samarati and Dieter Sommer and Mario Verdicchio},
	Journal = {Journal of Computer Security},
	Number = {1},
	Pages = {123-160},
	Title = {Exploiting cryptography for privacy-enhanced access control: A result of the {PRIME} Project},
	Volume = {18},
	Year = {2010}}

@inproceedings{anon20,
	Acmid = {1378607},
	Address = {New York, NY, USA},
	Author = {Greenstein, Ben and McCoy, Damon and Pang, Jeffrey and Kohno, Tadayoshi and Seshan, Srinivasan and Wetherall, David},
	Booktitle = {Proceedings of the 6th international conference on Mobile systems, applications, and services},
	Isbn = {978-1-60558-139-2},
	Keywords = {802.11, anonymity, privacy, wireless},
	Location = {Breckenridge, CO, USA},
	Numpages = {14},
	Pages = {40--53},
	Publisher = {ACM},
	Series = {MobiSys '08},
	Title = {Improving wireless privacy with an identifier-free link layer protocol},
	Year = {2008}}

@misc{tcg,
	Howpublished = {\url{http://www.trustedcomputinggroup.org/}},
	Title = {Trusted Computing Group}}

@misc{ibm4764,
	Howpublished = {\url{http://www-03.ibm.com/security/cryptocards/pcixcc/overview.shtml}},
	Title = {{IBM} 4764 {PCI-X} Cryptographic Coprocessor ({PCIXCC})}}

@inproceedings{fhe00,
	Author = {Craig Gentry},
	Booktitle = {ACM Symposium on Theory of Computing (STOC)},
	Pages = {169-178},
	Title = {Fully homomorphic encryption using ideal lattices},
	Year = {2009}}

@inproceedings{fhe01,
	Author = {Craig Gentry and Shai Halevi},
	Booktitle = {EUROCRYPT},
	Pages = {129-148},
	Title = {Implementing {G}entry's Fully-Homomorphic Encryption Scheme},
	Year = {2011}}

@article{fhe02,
	Author = {Craig Gentry},
	Journal = {Commun. ACM},
	Number = {3},
	Pages = {97-105},
	Title = {Computing arbitrary functions of encrypted data},
	Volume = {53},
	Year = {2010}}

@inproceedings{fhe03,
	Author = {Marten van Dijk and Craig Gentry and Shai Halevi and Vinod Vaikuntanathan},
	Booktitle = {EUROCRYPT},
	Pages = {24-43},
	Title = {Fully Homomorphic Encryption over the Integers},
	Year = {2010}}

@inproceedings{fhe04,
	Author = {Craig Gentry},
	Booktitle = {CRYPTO},
	Pages = {116-137},
	Title = {Toward Basing Fully Homomorphic Encryption on Worst-Case Hardness},
	Year = {2010}}

@article{fhe05,
	Author = {Zvika Brakerski and Craig Gentry and Vinod Vaikuntanathan},
	Journal = {Electronic Colloquium on Computational Complexity (ECCC)},
	Pages = {111},
	Title = {Fully Homomorphic Encryption without Bootstrapping},
	Volume = {18},
	Year = {2011}}

@inproceedings{fhe06,
	Author = {Craig Gentry and Shai Halevi},
	Booktitle = {IEEE Symposium on Foundations of Computer Science (FOCS)},
	Pages = {107-109},
	Title = {Fully Homomorphic Encryption without Squashing Using Depth-3 Arithmetic Circuits},
	Year = {2011}}

@article{fhe07,
	Author = {Craig Gentry and Shai Halevi and Nigel P. Smart},
	Journal = {IACR Cryptology ePrint Archive},
	Pages = {99},
	Title = {Homomorphic Evaluation of the {AES} Circuit},
	Volume = {2012},
	Year = {2012}}

@inproceedings{fhe08,
	Author = {Craig Gentry and Shai Halevi and Nigel P. Smart},
	Booktitle = {Public Key Cryptography},
	Pages = {1-16},
	Title = {Better Bootstrapping in Fully Homomorphic Encryption},
	Year = {2012}}

@inproceedings{fhe09,
	Author = {Zvika Brakerski and Craig Gentry and Vinod Vaikuntanathan},
	Booktitle = {ITCS},
	Pages = {309-325},
	Title = {({L}eveled) fully homomorphic encryption without bootstrapping},
	Year = {2012}}

@inproceedings{fhe10,
	Author = {Craig Gentry and Shai Halevi and Nigel P. Smart},
	Booktitle = {EUROCRYPT},
	Pages = {465-482},
	Title = {Fully Homomorphic Encryption with Polylog Overhead},
	Year = {2012}}

@inproceedings{fhe11,
	Author = {Peter Scholl and Nigel P. Smart},
	Booktitle = {IMA Int. Conf.},
	Pages = {10-22},
	Title = {Improved Key Generation for {G}entry's Fully Homomorphic Encryption Scheme},
	Year = {2011}}

@inproceedings{fhe12,
	Author = {Jake Loftus and Alexander May and Nigel P. Smart and Frederik Vercauteren},
	Booktitle = {Selected Areas in Cryptography},
	Pages = {55-72},
	Title = {On {CCA}-Secure Somewhat Homomorphic Encryption},
	Year = {2011}}

@article{fhe13,
	Author = {Nigel P. Smart and Frederik Vercauteren},
	Journal = {IACR Cryptology ePrint Archive},
	Pages = {133},
	Title = {Fully Homomorphic {SIMD} Operations},
	Volume = {2011},
	Year = {2011}}

@inproceedings{fhe14,
	Author = {Michael Naehrig and Kristin Lauter and Vinod Vaikuntanathan},
	Booktitle = {ACM Cloud Computing Security Workshop (CCSW)},
	Pages = {113-124},
	Title = {Can homomorphic encryption be practical?},
	Year = {2011}}

@inproceedings{fhe15,
	Author = {Vinod Vaikuntanathan},
	Booktitle = {IEEE Symposium on Foundations of Computer Science (FOCS)},
	Pages = {5-16},
	Title = {Computing Blindfolded: New Developments in Fully Homomorphic Encryption},
	Year = {2011}}

@inproceedings{fhe17,
	Author = {Carlos Aguilar Melchor and Guilhem Castagnos and Philippe Gaborit},
	Booktitle = {ISIT},
	Pages = {1858-1862},
	Title = {Lattice-based homomorphic encryption of vector spaces},
	Year = {2008}}

@misc{googleknows,
	Author = {Robert L. Mitchell},
	Howpublished = {\url{http://www.computerworld.com/s/article/337791/What_Google_Knows_About_You}},
	Title = {What Google knows about you}}

@inproceedings{hotsec12,
	Author = {Hilfi Alkaff and Krste Asanovic and Eric Love and Prashanth Mohan and Andrew Osheroff and Mohit Tiwari and Elaine Shi and Dawn Song},
	Booktitle = {USENIX Workshop on Hot Topics in Security (HotSec)},
	Title = {Context-Centric Security},
	Year = {2012}}

@inproceedings{hotsec09,
	Author = {Markus Jakobsson and Elaine Shi and Philippe Golle and Richard Chow},
	Booktitle = {USENIX Workshop on Hot Topics in Security (HotSec)},
	Title = {Implicit Authentication for Mobile Devices},
	Year = {2009}}

@inproceedings{hotos11,
	Author = {Petros Maniatis and Devdatta Akhawe and Kevin Fall and Elaine Shi and Stephen McCamant and Dawn Song},
	Booktitle = {Workshop on Hot Topics in Operating Systems (HotOS)},
	Title = {Do You Know Where Your Data Are? {S}ecure Data Capsules for Deployable Data Protection},
	Year = {2011}}

@inproceedings{nova,
	Acmid = {1755935},
	Address = {New York, NY, USA},
	Author = {Steinberg, Udo and Kauer, Bernhard},
	Booktitle = {Proceedings of the 5th European conference on Computer systems},
	Isbn = {978-1-60558-577-2},
	Location = {Paris, France},
	Numpages = {14},
	Pages = {209--222},
	Publisher = {ACM},
	Series = {EuroSys '10},
	Title = {NOVA: a microhypervisor-based secure virtualization architecture},
	Year = {2010}}

@inproceedings{mk01,
	Acmid = {224075},
	Address = {New York, NY, USA},
	Author = {Liedtke, J.},
	Booktitle = {Proceedings of the fifteenth ACM symposium on Operating systems principles},
	Isbn = {0-89791-715-4},
	Location = {Copper Mountain, Colorado, United States},
	Numpages = {14},
	Pages = {237--250},
	Publisher = {ACM},
	Series = {SOSP '95},
	Title = {On micro-kernel construction},
	Year = {1995}}

@inproceedings{mk02,
	Acmid = {1629596},
	Address = {New York, NY, USA},
	Author = {Klein, Gerwin and Elphinstone, Kevin and Heiser, Gernot and Andronick, June and Cock, David and Derrin, Philip and Elkaduwe, Dhammika and Engelhardt, Kai and Kolanski, Rafal and Norrish, Michael and Sewell, Thomas and Tuch, Harvey and Winwood, Simon},
	Booktitle = {Proceedings of the ACM SIGOPS 22nd symposium on Operating systems principles},
	Isbn = {978-1-60558-752-3},
	Keywords = {isabelle/hol, l4, microkernel, sel4},
	Location = {Big Sky, Montana, USA},
	Numpages = {14},
	Pages = {207--220},
	Publisher = {ACM},
	Series = {SOSP '09},
	Title = {{seL4}: formal verification of an {OS} kernel},
	Year = {2009}}

@article{mk03,
	Acmid = {1217951},
	Address = {New York, NY, USA},
	Author = {Singaravelu, Lenin and Pu, Calton and H\"{a}rtig, Hermann and Helmuth, Christian},
	Issn = {0163-5980},
	Issue_Date = {October 2006},
	Journal = {SIGOPS Oper. Syst. Rev.},
	Month = apr,
	Number = {4},
	Numpages = {14},
	Pages = {161--174},
	Publisher = {ACM},
	Title = {Reducing {TCB} complexity for security-sensitive applications: three case studies},
	Volume = {40},
	Year = {2006}}

@incollection{guc,
	Author = {Canetti, Ran and Dodis, Yevgeniy and Pass, Rafael and Walfish, Shabsi},
	Booktitle = {Theory of Cryptography},
	Pages = {61--85},
	Publisher = {Springer},
	Title = {Universally composable security with global setup},
	Year = {2007}}

@inproceedings{mk04,
	Author = {Jonathan Shapiro and Ph. D and Michael Scott Doerrie and Eric Northup and Mark Miller},
	Booktitle = {Proceedings of the 1st NICTA Workshop on Operating System Verification},
	Pages = {1--18},
	Title = {Towards a verified, general-purpose operating system kernel},
	Year = {2004}}

@inproceedings{clamp,
	Author = {Bryan Parno and Jonathan M. Mc{C}une and Dan Wendlandt and David G. Andersen and Adrian Perrig},
	Booktitle = {Proceedings of the 2009 IEEE Symposium on Security and Privacy},
	Day = {17--20},
	Location = {Oakland, CA, USA},
	Month = may,
	Title = {CLAMP: Practical Prevention of Large-Scale Data Leaks},
	Year = 2009}

@inproceedings{fc12b,
	Author = {Simon Barber and Xavier Boyen and Elaine Shi and Ersin Uzun},
	Booktitle = {Financial Cryptography and Data Security (FC)},
	Title = {Bitter to Better -- How to Make Bitcoin a Better Currency},
	Year = {2012}}

@inproceedings{fc12,
	Author = {T-H. Hubert Chan and Elaine Shi and Dawn Song},
	Booktitle = {Financial Cryptography and Data Security (FC)},
	Title = {Privacy-Preserving Stream Aggregation with Fault Tolerance},
	Year = {2012}}

@inproceedings{esa12,
	Author = {T-H. Hubert Chan and Elaine Shi and Dawn Song},
	Booktitle = {European Symposium on Algorithms (ESA)},
	Title = {Optimal Lower Bound for Differentially Private Multi-Party Aggregation},
	Year = {2012}}

@inproceedings{pets12,
	Author = {T-H. Hubert Chan and Mingfei Li and Elaine Shi and Wenchang Xu},
	Booktitle = {Privacy Enhancing Technologies Symposium (PETS)},
	Title = {Privacy-Preserving Continual Monitoring of Heavy Hitters from Distributed Streams},
	Year = {2012}}

@inproceedings{ndss11,
	Author = {Elaine Shi and T-H. Hubert Chan and Eleanor Rieffel and Richard Chow and Dawn Song},
	Booktitle = {Network and Distributed System Security Symposium (NDSS)},
	Title = {Privacy-Preserving Aggregation of Time-Series Data},
	Year = {2011}}

@inproceedings{symenc,
	Acmid = {1530468},
	Address = {Berlin, Heidelberg},
	Author = {Shen, Emily and Shi, Elaine and Waters, Brent},
	Booktitle = {Theory of Cryptography Conference (TCC)},
	Isbn = {978-3-642-00456-8},
	Location = {San Francisco, CA},
	Numpages = {17},
	Pages = {457--473},
	Publisher = {Springer-Verlag},
	Title = {Predicate Privacy in Encryption Systems},
	Year = {2009}}

@inproceedings{delegation,
	Acmid = {1428046},
	Address = {Berlin, Heidelberg},
	Author = {Shi, Elaine and Waters, Brent},
	Booktitle = {Proceedings of the 35th international colloquium on Automata, Languages and Programming, Part II},
	Isbn = {978-3-540-70582-6},
	Location = {Reykjavik, Iceland},
	Numpages = {19},
	Pages = {560--578},
	Publisher = {Springer-Verlag},
	Series = {ICALP '08},
	Title = {Delegating Capabilities in Predicate Encryption Systems},
	Year = {2008}}

@inproceedings{rangequery,
	Author = {Shi, Elaine and Bethencourt, John and Chan, T-H. Hubert and Song, Dawn and Perrig, Adrian},
	Booktitle = {IEEE Symposium on Security and Privacy},
	Pages = {350--364},
	Title = {Multi-Dimensional Range Query over Encrypted Data},
	Year = {2007}}

@inproceedings{opaak,
	Author = {Gabriel Maganis and Elaine Shi and Hao Chen and Dawn Song},
	Booktitle = {International Conference on Mobile Systems, Applications and Services (MobiSys)},
	Pages = {295-308},
	Title = {Opaak: using mobile phones to limit anonymous identities online},
	Year = {2012}}

@inproceedings{pkc12,
	Author = {Emil Stefanov and Elaine Shi and Dawn Song},
	Booktitle = {Public Key Cryptography},
	Pages = {413-430},
	Title = {Policy-Enhanced Private Set Intersection: Sharing Information While Enforcing Privacy Policies},
	Year = {2012}}

@article{ieee12,
	Author = {Dawn Song and Elaine Shi and Ian Fischer and Umesh Shankar},
	Journal = {IEEE Computer},
	Number = {1},
	Pages = {39-45},
	Title = {Cloud Data Protection for the Masses},
	Volume = {45},
	Year = {2012}}

@inproceedings{ijcnn11,
	Author = {Arvind Narayanan and Elaine Shi and Benjamin I. P. Rubinstein},
	Booktitle = {IJCNN},
	Pages = {1825-1834},
	Title = {Link prediction by de-anonymization: How We Won the Kaggle Social Network Challenge},
	Year = {2011}}

@inproceedings{sesoc11,
	Author = {Daisuke Mashima and Prateek Sarkar and Elaine Shi and Chris Li and Richard Chow and Dawn Song},
	Booktitle = {PerCom Workshops, IEEE International Workshop on SEcurity and SOCial Networking (SESOC)},
	Pages = {257-262},
	Title = {Privacy settings from contextual attributes: A case study using Google Buzz},
	Year = {2011}}

@inproceedings{wisec11,
	Acmid = {1998440},
	Address = {New York, NY, USA},
	Author = {Hsiao, Hsu-Chun and Studer, Ahren and Dubey, Rituik and Shi, Elaine and Perrig, Adrian},
	Booktitle = {Proceedings of the fourth ACM conference on Wireless network security},
	Isbn = {978-1-4503-0692-8},
	Location = {Hamburg, Germany},
	Numpages = {12},
	Pages = {163--174},
	Publisher = {ACM},
	Series = {WiSec '11},
	Title = {Efficient and secure threshold-based event validation for {VANET}s},
	Year = {2011}}

@article{tissec11,
	Author = {T.-H. Hubert Chan and Elaine Shi and Dawn Song},
	Journal = {ACM Transactions of Information and System Security (TISSEC)},
	Number = {3},
	Pages = {26},
	Title = {Private and Continual Release of Statistics},
	Volume = {14},
	Year = {2011}}

@inproceedings{ccsw10,
	Author = {Richard Chow and Markus Jakobsson and Ryusuke Masuoka and Jesus Molina and Yuan Niu and Elaine Shi and Zhexuan Song},
	Booktitle = {ACM Cloud Computing Security Workshop (CCSW)},
	Pages = {1-6},
	Title = {Authentication in the clouds: a framework and its application to mobile users},
	Year = {2010}}

@inproceedings{fc10,
	Author = {John Bethencourt and Elaine Shi and Dawn Song},
	Booktitle = {Financial Cryptography},
	Pages = {400-407},
	Title = {Signatures of Reputation},
	Year = {2010}}

@inproceedings{icalp10,
	Acmid = {1881044},
	Address = {Berlin, Heidelberg},
	Author = {Chan, T.-H. Hubert and Shi, Elaine and Song, Dawn},
	Booktitle = {Proceedings of the 37th international colloquium conference on Automata, languages and programming: Part II},
	Isbn = {3-642-14161-7, 978-3-642-14161-4},
	Location = {Bordeaux, France},
	Numpages = {13},
	Pages = {405--417},
	Publisher = {Springer-Verlag},
	Series = {ICALP'10},
	Title = {Private and continual release of statistics},
	Url = {http://portal.acm.org/citation.cfm?id=1880999.1881044},
	Year = {2010},
	Bdsk-Url-1 = {http://portal.acm.org/citation.cfm?id=1880999.1881044}}

@inproceedings{isc10,
	Acmid = {1949329},
	Address = {Berlin, Heidelberg},
	Author = {Shi, Elaine and Niu, Yuan and Jakobsson, Markus and Chow, Richard},
	Booktitle = {Proceedings of the 13th international conference on Information security},
	Isbn = {978-3-642-18177-1},
	Location = {Boca Raton, FL, USA},
	Numpages = {15},
	Pages = {99--113},
	Publisher = {Springer-Verlag},
	Series = {ISC'10},
	Title = {Implicit authentication through learning user behavior},
	Year = {2011}}

@inproceedings{ccsw09,
	Author = {Richard Chow and Philippe Golle and Markus Jakobsson and Elaine Shi and Jessica Staddon and Ryusuke Masuoka and Jesus Molina},
	Booktitle = {ACM Cloud Computing Security Workshop (CCSW)},
	Pages = {85-90},
	Title = {Controlling data in the cloud: outsourcing computation without outsourcing control},
	Year = {2009}}

@inproceedings{secon09,
	Acmid = {1687354},
	Address = {Piscataway, NJ, USA},
	Author = {Studer, Ahren and Shi, Elaine and Bai, Fan and Perrig, Adrian},
	Booktitle = {Proceedings of the 6th Annual IEEE communications society conference on Sensor, Mesh and Ad Hoc Communications and Networks},
	Isbn = {978-1-4244-2907-3},
	Location = {Rome, Italy},
	Numpages = {9},
	Pages = {484--492},
	Publisher = {IEEE Press},
	Series = {SECON'09},
	Title = {TACKing together efficient authentication, revocation, and privacy in {VANET}s},
	Year = {2009}}

@inproceedings{sigcomm07,
	Author = {Bryan Parno and Dan Wendlandt and Elaine Shi and Adrian Perrig and Bruce M. Maggs and Yih-Chun Hu},
	Booktitle = {SIGCOMM},
	Pages = {289-300},
	Title = {Portcullis: protecting connection setup from denial-of-capability attacks},
	Year = {2007}}

@inproceedings{dom,
	Author = {Jonathan M. McCune and Elaine Shi and Adrian Perrig and Michael K. Reiter},
	Booktitle = {IEEE Symposium on Security and Privacy},
	Pages = {64-78},
	Title = {Detection of Denial-of-Message Attacks on Sensor Network Broadcasts},
	Year = {2005}}

@inproceedings{ipsn04,
	Author = {James Newsome and Elaine Shi and Dawn Xiaodong Song and Adrian Perrig},
	Booktitle = {IPSN},
	Pages = {259-268},
	Title = {The sybil attack in sensor networks: analysis {\&} defenses},
	Year = {2004}}

@misc{ppd,
	Author = {Krste Asanovic and Jin Chen and David Culler and Petros Maniatis and Prashanth Mohan and Charalampos Papamanthou and Elaine Shi and Dawn Song and Emil Stefanov and Mohit Tiwari and Nguyen Tran},
	Howpublished = {manuscript},
	Title = {{PPD}: A Platform for Private Data},
	Year = {2012}}

@inproceedings{multiserveroram,
	Author = {Steve Lu and Rafail Ostrovsky},
	Booktitle = {Theory of Cryptography Conference (TCC)},
	Pages = {377-396},
	Title = {Distributed Oblivious {RAM} for Secure Two-Party Computation},
	Year = {2013}}

@inproceedings{oblivistore,
	Author = {Emil Stefanov and Elaine Shi},
	Booktitle = {IEEE Symposium on Security and Privacy (S \& P)},
	Title = {ObliviStore: High Performance Oblivious Cloud Storage},
	Year = 2013}

@inproceedings{privatefs,
	Author = {Peter Williams and Radu Sion and Alin Tomescu},
	Booktitle = {ACM Conference on Computer and Communications Security (CCS)},
	Title = {PrivateFS: A Parallel Oblivious File System},
	Year = {2012}}

@inproceedings{phantom,
	Author = {Martin Maas and Eric Love and Emil Stefanov and Mohit Tiwari and Elaine Shi and Kriste Asanovic and John Kubiatowicz and Dawn Song},
	Booktitle = {ACM Conference on Computer and Communications Security (CCS)},
	Title = {Phantom: Practical Oblivious Computation in a Secure Processor},
	Year = 2013}

@article{ascend02,
	Author = {Christopher W. Fletcher and Ling Ren and Albert Kwon and Marten van Dijk and Emil Stefanov and Srinivas Devadas},
	Journal = {IACR Cryptology ePrint Archive},
	Pages = {431},
	Title = {{RAW Path ORAM}: A Low-Latency, Low-Area Hardware {ORAM} Controller with Integrity Verification},
	Volume = {2014},
	Year = {2014}}

@inproceedings{ascend01,
	Author = {Christopher W. Fletcher and Ling Ren and Xiangyao Yu and Marten van Dijk and Omer Khan and Srinivas Devadas},
	Booktitle = {HPCA},
	Pages = {213-224},
	Title = {Suppressing the Oblivious {RAM} timing channel while making information leakage and program efficiency trade-offs},
	Year = {2014}}

@inproceedings{ascend00,
	Author = {Ling Ren and Xiangyao Yu and Christopher W. Fletcher and Marten van Dijk and Srinivas Devadas},
	Booktitle = {ISCA},
	Pages = {571-582},
	Title = {Design space exploration and optimization of path oblivious {RAM} in secure processors},
	Year = {2013}}

@inproceedings{paralleloram,
	Author = {Jacob R. Lorch and Bryan Parno and James W. Mickens and Mariana Raykova and Joshua Schiffman},
	Booktitle = {FAST},
	Pages = {199-214},
	Title = {Shroud: ensuring private access to large-scale data in the data center},
	Year = {2013}}

@article{oram00,
	Author = {Goldreich, Oded and Ostrovsky, Rafail},
	Journal = {J. ACM},
	Title = {Software protection and simulation on oblivious {RAM}s},
	Year = {1996}}

@inproceedings{oram01,
	Author = {Goodrich, Michael T. and Mitzenmacher, Michael and Ohrimenko, Olga and Tamassia, Roberto},
	Booktitle = {ACM-SIAM Symposium on Discrete Algorithms (SODA)},
	Title = {Privacy-preserving group data access via stateless oblivious {RAM} simulation},
	Year = {2012}}

@inproceedings{oram02,
	Author = {Rafail Ostrovsky and Victor Shoup},
	Booktitle = {ACM Symposium on Theory of Computing (STOC)},
	Pages = {294-303},
	Title = {Private Information Storage (Extended Abstract)},
	Year = {1997}}

@inproceedings{oram03,
	Author = {Eyal Kushilevitz and Steve Lu and Rafail Ostrovsky},
	Booktitle = {ACM-SIAM Symposium on Discrete Algorithms (SODA)},
	Title = {On the (In)security of Hash-based Oblivious {RAM} and a New Balancing Scheme},
	Year = 2012}

@inproceedings{oram04,
	Author = {Michael T. Goodrich and Michael Mitzenmacher and Olga Ohrimenko and Roberto Tamassia},
	Booktitle = {ACM Cloud Computing Security Workshop (CCSW)},
	Title = {Oblivious {RAM} Simulation with Efficient Worst-Case Access Overhead},
	Year = {2011}}

@inproceedings{oram05,
	Author = {Ivan Damg{\aa}rd and Sigurd Meldgaard and Jesper Buus Nielsen},
	Booktitle = {Theory of Cryptography Conference (TCC)},
	Pages = {144-163},
	Title = {Perfectly Secure Oblivious {RAM} without Random Oracles},
	Year = {2011}}

@misc{oram06,
	Author = {Dan Boneh and David Mazieres and Raluca Ada Popa},
	Howpublished = {Manuscript, \url{http://dspace.mit.edu/bitstream/handle/1721.1/62006/MIT-CSAIL-TR-2011-018.pdf}},
	Title = {Remote Oblivious Storage: Making Oblivious {RAM} practical},
	Year = {2011}}

@inproceedings{oram07,
	Author = {Williams, Peter and Sion, Radu and Carbunar, Bogdan},
	Booktitle = {ACM Conference on Computer and Communications Security (CCS)},
	Pages = {139--148},
	Title = {Building castles out of mud: practical access pattern privacy and correctness on untrusted storage},
	Year = {2008}}

@inproceedings{oram08,
	Author = {Peter Williams and Radu Sion},
	Booktitle = {Network and Distributed System Security Symposium (NDSS)},
	Title = {Usable {PIR}},
	Year = {2008}}

@inproceedings{oram09,
	Author = {Michael T. Goodrich and Michael Mitzenmacher},
	Booktitle = {International Colloquium on Automata, Languages and Programming (ICALP)},
	Pages = {576-587},
	Title = {Privacy-Preserving Access of Outsourced Data via Oblivious {RAM} Simulation},
	Year = {2011}}

@inproceedings{oram10,
	Author = {Goldreich, O.},
	Booktitle = {ACM Symposium on Theory of Computing (STOC)},
	Title = {Towards a theory of software protection and simulation by oblivious {RAM}s},
	Year = {1987}}

@inproceedings{oram11,
	Author = {Ostrovsky, R.},
	Booktitle = {ACM Symposium on Theory of Computing (STOC)},
	Title = {Efficient computation on oblivious {RAM}s},
	Year = {1990}}

@inproceedings{oram12,
	Author = {Pinkas, Benny and Reinman, Tzachy},
	Booktitle = {CRYPTO},
	Title = {Oblivious {RAM} revisited},
	Year = {2010}}

@inproceedings{oram13,
	Author = {Peter Williams and Radu Sion},
	Booktitle = {ACM Conference on Computer and Communication Security (CCS)},
	Title = {Round-Optimal Access Privacy on Outsourced Storage},
	Year = {2012}}

@inproceedings{ndss12,
	Author = {Emil Stefanov and Elaine Shi and Dawn Song},
	Booktitle = {Network and Distributed System Security Symposium (NDSS)},
	Title = {Towards Practical Oblivious {RAM}},
	Year = {2012}}

@inproceedings{asiacrypt11,
	Author = {Elaine Shi and T.-H. Hubert Chan and Emil Stefanov and Mingfei Li},
	Booktitle = {ASIACRYPT},
	Pages = {197-214},
	Title = {Oblivious {RAM} with {$O((\log N)^3)$} Worst-Case Cost},
	Year = {2011}}

@inproceedings{obliviad,
	Author = {Michael Backes and Aniket Kate and Matteo Maffe and Kim Pecina},
	Booktitle = {IEEE Symposium on Security and Privacy},
	Title = {ObliviAd: Provably Secure and Practical Online Behavioral Advertising},
	Year = {2012}}

@inproceedings{privad,
	Acmid = {1972475},
	Address = {Berkeley, CA, USA},
	Author = {Guha, Saikat and Cheng, Bin and Francis, Paul},
	Booktitle = {Proceedings of the 8th USENIX conference on Networked systems design and implementation},
	Location = {Boston, MA},
	Numpages = {1},
	Pages = {13--13},
	Publisher = {USENIX Association},
	Series = {NSDI'11},
	Title = {Privad: practical privacy in online advertising},
	Url = {http://dl.acm.org/citation.cfm?id=1972457.1972475},
	Year = {2011},
	Bdsk-Url-1 = {http://dl.acm.org/citation.cfm?id=1972457.1972475}}

@inproceedings{adnostic,
	Author = {Vincent Toubiana and Arvind Narayanan and Dan Boneh and Helen Nissenbaum and Solon Barocas},
	Booktitle = {Network and Distributed System Security Symposium (NDSS)},
	Title = {Adnostic: Privacy Preserving Targeted Advertising},
	Year = {2010}}

@inproceedings{mobiad,
	Acmid = {1859993},
	Address = {New York, NY, USA},
	Author = {Haddadi, Hamed and Hui, Pan and Brown, Ian},
	Booktitle = {Proceedings of the fifth ACM international workshop on Mobility in the evolving internet architecture},
	Isbn = {978-1-4503-0143-5},
	Location = {Chicago, Illinois, USA},
	Numpages = {6},
	Pages = {33--38},
	Publisher = {ACM},
	Series = {MobiArch '10},
	Title = {MobiAd: private and scalable mobile advertising},
	Year = {2010}}

@misc{mobiad2,
	Author = {Michaela Goetz and Suman Nath},
	Howpublished = {Technical report, \url{http://research.microsoft.com/pubs/152497/01main.pdf}},
	Title = {Privacy-Aware Personalization for Mobile Advertising}}

@inproceedings{pir00,
	Author = {Benny Chor and Oded Goldreich and Eyal Kushilevitz and Madhu Sudan},
	Booktitle = {IEEE Symposium on Foundations of Computer Science (FOCS)},
	Pages = {41-50},
	Title = {Private Information Retrieval},
	Year = {1995}}

@inproceedings{pir01,
	Address = {New York, NY, USA},
	Author = {Chor, Benny and Gilboa, Niv},
	Booktitle = {Proceedings of the twenty-ninth annual ACM symposium on Theory of computing},
	Location = {El Paso, Texas, United States},
	Numpages = {10},
	Pages = {304--313},
	Publisher = {ACM},
	Series = {STOC '97},
	Title = {Computationally private information retrieval (extended abstract)},
	Year = {1997}}

@inproceedings{pir02,
	Author = {Yan-Cheng Chang},
	Booktitle = {Information Security and Privacy: 9th Australasian Conference (ACISP)},
	Pages = {50-61},
	Title = {Single Database Private Information Retrieval with Logarithmic Communication},
	Year = {2004}}

@inproceedings{pir03,
	Author = {Zvika Brakerski and Vinod Vaikuntanathan},
	Booktitle = {IEEE Symposium on Foundations of Computer Science (FOCS)},
	Pages = {97-106},
	Title = {Efficient Fully Homomorphic Encryption from (Standard) {LWE}},
	Year = {2011}}

@inproceedings{pir04,
	Author = {Craig Gentry and Zulfikar Ramzan},
	Booktitle = {International Colloquium on Automata, Languages and Programming (ICALP)},
	Pages = {803-815},
	Title = {Single-Database Private Information Retrieval with Constant Communication Rate},
	Year = {2005}}

@inproceedings{pir05,
	Address = {Berlin, Heidelberg},
	Author = {Cachin, Christian and Micali, Silvio and Stadler, Markus},
	Booktitle = {Proceedings of the 17th international conference on Theory and application of cryptographic techniques},
	Isbn = {3-540-65889-0},
	Location = {Prague, Czech Republic},
	Numpages = {13},
	Pages = {402--414},
	Publisher = {Springer-Verlag},
	Series = {EUROCRYPT'99},
	Title = {Computationally private information retrieval with polylogarithmic communication},
	Year = {1999}}

@inproceedings{pir06,
	Author = {Benny Chor and Niv Gilboa},
	Booktitle = {ACM Symposium on Theory of Computing (STOC)},
	Pages = {304-313},
	Title = {Computationally Private Information Retrieval (Extended Abstract)},
	Year = {1997}}

@inproceedings{pir07,
	Acmid = {796363},
	Address = {Washington, DC, USA},
	Author = {Kushilevitz, E. and Ostrovsky, R.},
	Booktitle = {Proceedings of the 38th Annual Symposium on Foundations of Computer Science},
	Isbn = {0-8186-8197-7},
	Publisher = {IEEE Computer Society},
	Series = {FOCS '97},
	Title = {Replication is not needed: single database, computationally-private information retrieval},
	Url = {http://dl.acm.org/citation.cfm?id=795663.796363},
	Year = {1997},
	Bdsk-Url-1 = {http://dl.acm.org/citation.cfm?id=795663.796363}}

@inproceedings{pir08,
	Acmid = {1883769},
	Address = {Berlin, Heidelberg},
	Author = {Lipmaa, Helger},
	Booktitle = {Proceedings of the 12th international conference on Information security and cryptology},
	Isbn = {3-642-14422-5, 978-3-642-14422-6},
	Location = {Seoul, Korea},
	Numpages = {18},
	Pages = {193--210},
	Publisher = {Springer-Verlag},
	Series = {ICISC'09},
	Title = {First {CPIR} protocol with data-dependent computation},
	Url = {http://dl.acm.org/citation.cfm?id=1883749.1883769},
	Year = {2010},
	Bdsk-Url-1 = {http://dl.acm.org/citation.cfm?id=1883749.1883769}}

@inproceedings{pir09,
	Acmid = {1760599},
	Address = {Berlin, Heidelberg},
	Author = {Ostrovsky, Rafail and Skeith,III., William E.},
	Booktitle = {Proceedings of the 10th international conference on Practice and theory in public-key cryptography},
	Isbn = {978-3-540-71676-1},
	Location = {Beijing, China},
	Numpages = {19},
	Pages = {393--411},
	Publisher = {Springer-Verlag},
	Series = {PKC'07},
	Title = {A survey of single-database private information retrieval: techniques and applications},
	Url = {http://dl.acm.org/citation.cfm?id=1760564.1760599},
	Year = {2007},
	Bdsk-Url-1 = {http://dl.acm.org/citation.cfm?id=1760564.1760599}}

@article{pir10,
	Author = {William I. Gasarch},
	Journal = {Bulletin of the EATCS},
	Pages = {72-107},
	Title = {A Survey on Private Information Retrieval (Column: Computational Complexity)},
	Volume = {82},
	Year = {2004}}

@article{pir11,
	Author = {Richard Beigel and Lance Fortnow and William I. Gasarch},
	Journal = {Electronic Colloquium on Computational Complexity (ECCC)},
	Title = {A Nearly Tight Bound for Private Information Retrieval Protocols},
	Year = {2003}}

@inproceedings{pir12,
	Author = {Radu Sion and Bogdan Carbunar},
	Booktitle = {Network and Distributed Systems Security Symposium (NDSS)},
	Title = {On the Computational Practicality of Private Information Retrieval},
	Year = {2007}}

@inproceedings{pir13,
	Author = {Femi G. Olumofin and Ian Goldberg},
	Booktitle = {Financial Cryptography},
	Pages = {158-172},
	Title = {Revisiting the Computational Practicality of Private Information Retrieval},
	Year = {2011}}

@inproceedings{pir14,
	Acmid = {1447928},
	Address = {Washington, DC, USA},
	Author = {Melchor, Carlos Aguilar and Crespin, Benoit and Gaborit, Philippe and Jolivet, Vincent and Rousseau, Pierre},
	Booktitle = {Proceedings of the 2008 Second International Conference on Emerging Security Information, Systems and Technologies},
	Isbn = {978-0-7695-3329-2},
	Numpages = {10},
	Pages = {263--272},
	Publisher = {IEEE Computer Society},
	Series = {SECURWARE '08},
	Title = {High-Speed Private Information Retrieval Computation on {GPU}},
	Year = {2008}}

@article{pir15,
	Author = {Carlos Aguilar Melchor and Philippe Gaborit},
	Journal = {IACR Cryptology ePrint Archive},
	Pages = {446},
	Title = {A Lattice-Based Computationally-Efficient Private Information Retrieval Protocol},
	Volume = {2007},
	Year = {2007}}

@inproceedings{gupt,
	Author = {Prashanth Mohan and Abhradeep Guha Thakurta and Elaine Shi and Dawn Song and David Culler},
	Booktitle = {ACM SIGMOD},
	Title = {{GUPT}: Privacy Preserving Data Analysis Made Easy.},
	Year = {2012}}

@misc{facebook,
	Howpublished = {\url{http://newsroom.blogs.cnn.com/2010/10/18/facebook-slammed-for-privacy-breach-are-you-at-risk/}},
	Title = {Facebook slammed for Privacy breach: Was your info shared?}}

@misc{facebookapp,
	Author = {Cotton Delo Bio},
	Howpublished = {http://adage.com/article/digital/facebook-app-shares-friend-data-marketers/233419/},
	Title = {Facebook App Shares ``Friend'' Data With Marketers}}

@misc{myspace,
	Howpublished = {\url{http://www.digitaltrends.com/social-media/myspace-hit-by-ftc-for-privacy-violations/}},
	Title = {MySpace hit by {FTC} for privacy violations}}

@misc{microsoft,
	Author = {Lance Whitney},
	Howpublished = {\url{http://news.cnet.com/8301-1009_3-10437844-83.html}},
	Title = {{Microsoft Urges Laws to Boost Trust in the Cloud}}}

@inproceedings{McGregor10,
	Acmid = {1918372},
	Address = {Washington, DC, USA},
	Author = {McGregor, Andrew and Mironov, Ilya and Pitassi, Toniann and Reingold, Omer and Talwar, Kunal and Vadhan, Salil},
	Booktitle = {Proceedings of the 2010 IEEE 51st Annual Symposium on Foundations of Computer Science},
	Isbn = {978-0-7695-4244-7},
	Keywords = {differential privacy, communication complexity, randomness extractors},
	Numpages = {10},
	Pages = {81--90},
	Publisher = {IEEE Computer Society},
	Series = {FOCS '10},
	Title = {The Limits of Two-Party Differential Privacy},
	Year = {2010}}

@article{streamsearch,
	Acmid = {1455529},
	Address = {New York, NY, USA},
	Articleno = {16},
	Author = {Bethencourt, John and Song, Dawn and Waters, Brent},
	Doi = {http://doi.acm.org/10.1145/1455526.1455529},
	Issn = {1094-9224},
	Issue = {3},
	Journal = {ACM Trans. Inf. Syst. Secur.},
	Keywords = {Bloom filter, private information retrieval, private stream searching, public key program obfuscation},
	Month = {January},
	Numpages = {32},
	Pages = {16:1--16:32},
	Publisher = {ACM},
	Title = {New Techniques for Private Stream Searching},
	Url = {http://doi.acm.org/10.1145/1455526.1455529},
	Volume = {12},
	Year = {2009},
	Bdsk-Url-1 = {http://doi.acm.org/10.1145/1455526.1455529}}

@inproceedings{psi,
	Author = {Lea Kissner and Dawn Song},
	Booktitle = {CRYPTO},
	Title = {Privacy-preserving set operations},
	Year = {2005}}

@inproceedings{songsearch,
	Acmid = {884426},
	Address = {Washington, DC, USA},
	Author = {Song, Dawn Xiaodong and Wagner, David and Perrig, Adrian},
	Booktitle = {Proceedings of the 2000 IEEE Symposium on Security and Privacy},
	Isbn = {0-7695-0665-8},
	Publisher = {IEEE Computer Society},
	Title = {Practical Techniques for Searches on Encrypted Data},
	Year = {2000}}

@inproceedings{ima,
	Acmid = {1251391},
	Address = {Berkeley, CA, USA},
	Author = {Sailer, Reiner and Zhang, Xiaolan and Jaeger, Trent and van Doorn, Leendert},
	Booktitle = {Proceedings of the 13th conference on USENIX Security Symposium - Volume 13},
	Location = {San Diego, CA},
	Numpages = {1},
	Pages = {16--16},
	Publisher = {USENIX Association},
	Series = {SSYM'04},
	Title = {Design and implementation of a {TCG}-based integrity measurement architecture},
	Url = {http://portal.acm.org/citation.cfm?id=1251375.1251391},
	Year = {2004},
	Bdsk-Url-1 = {http://portal.acm.org/citation.cfm?id=1251375.1251391}}

@article{provenance,
	Author = {Hasan, Ragib and Sion, Radu and Winslett, Marianne},
	Journal = {Trans. Storage},
	Title = {Preventing history forgery with secure provenance},
	Year = {2009}}

@inproceedings{authdatastruct1,
	Author = {Devanbu, Premkumar T. and Gertz, Michael and Martel, Charles U. and Stubblebine, Stuart G.},
	Booktitle = {IFIP TC11/ WG11.3 Conference on Database Security},
	Title = {Authentic Third-party Data Publication},
	Year = {2001}}

@article{authdatastruct2,
	Author = {Martel, Charles and Nuckolls, Glen and Devanbu, Premkumar and Gertz, Michael and Kwong, April and Stubblebine, Stuart G.},
	Journal = {Algorithmica},
	Title = {A General Model for Authenticated Data Structures},
	Year = {2004}}

@misc{rockyou,
	Author = {MG Siegler},
	Howpublished = {\url{http://techcrunch.com/2009/12/14/rockyou-hacked/}},
	Title = {One Of The 32 Million With A {R}ock{Y}ou Account? {Y}ou May Want To Change All Your Passwords. {L}ike Now.},
	Year = {2009}}

@inproceedings{privtrans,
	Acmid = {1251380},
	Address = {Berkeley, CA, USA},
	Author = {Brumley, David and Song, Dawn},
	Booktitle = {Proceedings of the 13th conference on USENIX Security Symposium - Volume 13},
	Location = {San Diego, CA},
	Numpages = {1},
	Pages = {5--5},
	Publisher = {USENIX Association},
	Series = {SSYM'04},
	Title = {Privtrans: automatically partitioning programs for privilege separation},
	Url = {http://portal.acm.org/citation.cfm?id=1251375.1251380},
	Year = {2004},
	Bdsk-Url-1 = {http://portal.acm.org/citation.cfm?id=1251375.1251380}}

@inproceedings{airavat,
	Acmid = {1855731},
	Address = {Berkeley, CA, USA},
	Author = {Roy, Indrajit and Setty, Srinath T. V. and Kilzer, Ann and Shmatikov, Vitaly and Witchel, Emmett},
	Booktitle = {Proceedings of the 7th USENIX conference on Networked systems design and implementation},
	Location = {San Jose, California},
	Numpages = {1},
	Pages = {20--20},
	Publisher = {USENIX Association},
	Series = {NSDI'10},
	Title = {Airavat: security and privacy for MapReduce},
	Url = {http://portal.acm.org/citation.cfm?id=1855711.1855731},
	Year = {2010},
	Bdsk-Url-1 = {http://portal.acm.org/citation.cfm?id=1855711.1855731}}

@article{pinq,
	Acmid = {1810916},
	Address = {New York, NY, USA},
	Author = {McSherry, Frank},
	Doi = {http://doi.acm.org/10.1145/1810891.1810916},
	Issn = {0001-0782},
	Issue = {9},
	Issue_Date = {September 2010},
	Journal = {Commun. ACM},
	Month = {September},
	Numpages = {9},
	Pages = {89--97},
	Publisher = {ACM},
	Title = {Privacy integrated queries: an extensible platform for privacy-preserving data analysis},
	Url = {http://doi.acm.org/10.1145/1810891.1810916},
	Volume = {53},
	Year = {2010},
	Bdsk-Url-1 = {http://doi.acm.org/10.1145/1810891.1810916}}

@inproceedings{privsep,
	Author = {Murray, Derek G. and Hand, Steven},
	Booktitle = {EUROSEC},
	Title = {Privilege separation made easy: trusting small libraries not big processes},
	Year = {2008}}

@misc{blackbox,
	Author = {Madhav Jha and Sofya Raskhodnikova},
	Howpublished = {Manuscript},
	Title = {Testing and Reconstruction of Lipschitz Functions with Applications to Data Privacy},
	Year = {2011}}

@inproceedings{plas09,
	Author = {Newsome, James and McCamant, Stephen and Song, Dawn},
	Booktitle = {PLAS},
	Title = {Measuring channel capacity to distinguish undue influence},
	Year = {2009}}

@misc{aol,
	Howpublished = {\url{http://www.usatoday.com/tech/columnist/andrewkantor/2006-08-17-aol-data_x.htm}},
	Title = {{AOL} search data release reveals a great deal},
	Year = {2006}}

@article{wang10,
	Author = {Wang, Daisy Zhe and Franklin, Michael J. and Garofalakis, Minos and Hellerstein, Joseph M.},
	Journal = {Proceedings of the VLDB Endowment},
	Title = {Querying probabilistic information extraction},
	Year = 2010}

@inproceedings{sel4,
	Author = {Klein, Gerwin and Elphinstone, Kevin and Heiser, Gernot and Andronick, June and Cock, David and Derrin, Philip and Elkaduwe, Dhammika and Engelhardt, Kai and Kolanski, Rafal and Norrish, Michael and Sewell, Thomas and Tuch, Harvey and Winwood, Simon},
	Booktitle = {SOSP},
	Title = {seL4: formal verification of an OS kernel},
	Year = {2009}}

@misc{googlefire,
	Howpublished = {\url{http://www.physorg.com/news203744839.html}},
	Title = {Google fires engineer for violating privacy policies},
	Year = {2010}}

@inproceedings{Ho:infotrack,
	Author = {Ho, Alex and Fetterman, Michael and Clark, Christopher and Warfield, Andrew and Hand, Steven},
	Booktitle = {EuroSys},
	Title = {Practical taint-based protection using demand emulation},
	Year = {2006}}

@misc{researchperspectives,
	Author = {Joseph Bonneau and Andrew Miller and Jeremy Clark and Arvind Narayanan and Joshua A. Kroll and Edward W. Felten},
	Howpublished = {Cryptology ePrint Archive, Report 2015/452},
	Title = {{Research Perspectives and Challenges for Bitcoin and Cryptocurrencies (Extended Version)}},
	Year = {2015}}

@article{bitcoin,
	Author = {Nakamoto, Satoshi},
	Title = {Bitcoin: A peer-to-peer electronic cash system},
	Year = {2008}}

@misc{valueofpriv,
	Author = {Alessandro Acquisti and Leslie John and George Loewenstein},
	Howpublished = {Online manuscript},
	Title = {What is privacy worth?}}

@inproceedings{vtpm,
	Author = {Berger, Stefan and C\'{a}ceres, Ram\'{o}n and Goldman, Kenneth A. and Perez, Ronald and Sailer, Reiner and van Doorn, Leendert},
	Booktitle = {USENIX Security},
	Title = {vTPM: virtualizing the trusted platform module},
	Year = {2006}}

@inproceedings{logictcg,
	Author = {Datta, Anupam and Franklin, Jason and Garg, Deepak and Kaynar, Dilsun},
	Booktitle = {IEEE Symposium on Security and Privacy},
	Title = {A Logic of Secure Systems and its Application to Trusted Computing},
	Year = {2009}}

@inproceedings{Naor:1998:CRC:1267549.1267566,
	Author = {Naor, Moni and Nissim, Kobbi},
	Booktitle = {USENIX Security},
	Title = {Certificate revocation and certificate update},
	Year = {1998}}

@inproceedings{Hazay:2008:CTP:1455770.1455832,
	Author = {Hazay, Carmit and Lindell, Yehuda},
	Booktitle = {CCS},
	Title = {Constructions of truly practical secure protocols using standardsmartcards},
	Year = {2008}}

@inproceedings{setintersect,
	Author = {Marc Fischlin and Benny Pinkas and Ahmad-Reza Sadeghi and Thomas Schneider and Ivan Visconti},
	Booktitle = {CT-RSA},
	Title = {Secure Set Intersection with Untrusted Hardware Tokens},
	Year = {2011}}

@inproceedings{BIND,
	Author = {Shi, Elaine and Perrig, Adrian and Doorn, Leendert Van},
	Booktitle = {IEEE Symposium on Security and Privacy},
	Title = {{BIND}: A Fine-Grained Attestation Service for Secure Distributed Systems},
	Year = {2005}}

@inproceedings{pioneer,
	Author = {Arvind Seshadri and Mark Luk and Elaine Shi and Adrian Perrig and Leendert van Doorn and Pradeep K. Khosla},
	Booktitle = {ACM Symposium on Operating Systems Principles (SOSP)},
	Pages = {1-16},
	Title = {Pioneer: verifying code integrity and enforcing untampered code execution on legacy systems},
	Year = {2005}}

@inproceedings{flicker,
	Author = {Jonathan M. McCune and Bryan Parno and Adrian Perrig and Michael K. Reiter and Hiroshi Isozaki},
	Booktitle = {EuroSys},
	Title = {Flicker: An Execution Infrastructure for {TCB} Minimization},
	Year = {2008}}

@article{BFibe,
	Author = {Dan Boneh and Matt Franklin},
	Journal = {SIAM J. of Computing},
	Note = {Extended abstract in Crypto'01},
	Title = {Identity-Based Encryption from the {Weil} Pairing},
	Year = 2003}

@inproceedings{trustvisor,
	Author = {Jonathan M. McCune and Yanlin Li and Ning Qu and Zongwei Zhou and Anupam Datta and Virgil D. Gligor and Adrian Perrig},
	Booktitle = {IEEE Symposium on Security and Privacy},
	Title = {TrustVisor: Efficient {TCB} Reduction and Attestation},
	Year = {2010}}

@inproceedings{KangMPS2011,
	Author = {Min Gyung Kang and Stephen McCamant and Pongsin Poosankam and Dawn Song},
	Booktitle = {Network and Distributed System Security Symposium (NDSS)},
	Title = {{DTA}++: Dynamic Taint Analysis with Targeted Control-Flow Propagation},
	Year = {2011}}

@article{Fenton74,
	Author = {Jeffrey S. Fenton},
	Journal = {The Computer Journal},
	Month = may,
	Number = 2,
	Pages = {143--147},
	Title = {Memoryless Subsytems},
	Volume = 17,
	Year = 1974}

@article{SabelfeldM2003,
	Author = {Sabelfeld, Andrei and Myers, Andrew C.},
	Journal = {IEEE Journal on Selected Areas in Communications},
	Month = jan,
	Number = {1},
	Pages = {5--19},
	Title = {Language-based information-flow security},
	Volume = {21},
	Year = {2003}}

@inproceedings{Myers99,
	Author = {Andrew C. Myers},
	Booktitle = {ACM Conference on Principles of Programming Languages (POPL)},
	Pages = {228--241},
	Title = {{JFlow}: Practical Mostly-Static Information Flow Control},
	Year = 1999}

@inproceedings{ReedP2010,
	Author = {Jason Reed and Benjamin C. Pierce},
	Booktitle = {ICFP},
	Pages = {157--168},
	Title = {Distance makes the types grow stronger: a calculus for differential privacy},
	Year = {2010}}

@inproceedings{MalechaMSW10,
	Author = {Gregory Malecha and Greg Morrisett and Avraham Shinnar and Ryan Wisnesky},
	Booktitle = {ACM Conference on Principles of Programming Languages (POPL)},
	Pages = {237--248},
	Title = {Toward a verified relational database management system},
	Year = {2010}}

@misc{BitBlazeWebSite,
	Key = {BitBlaze},
	Note = {\url{http://bitblaze.cs.berkeley.edu/}},
	Title = {{BitBlaze}: Binary Analysis for Computer Security}}

@inproceedings{NewsomeS2005,
	Author = {James Newsome and Dawn Song},
	Booktitle = {Network and Distributed System Security Symposium (NDSS)},
	Title = {Dynamic Taint Analysis: Automatic Detection, Analysis, and Signature Generation of Exploit Attacks on Commodity Software},
	Year = 2005}

@inproceedings{YinSEKK2007,
	Author = {Heng Yin and Dawn Song and Manuel Egele and Christopher Kruegel and Engin Kirda},
	Booktitle = {CCS},
	Title = {{Panorama}: Capturing System-wide Information Flow for Malware Detection and Analysis},
	Year = 2007}

@inproceedings{SaxenaPMS2009,
	Author = {Prateek Saxena and Pongsin Poosankam and Stephen McCamant and Dawn Song},
	Booktitle = {ISSTA},
	Title = {Loop-Extended Symbolic Execution on Binary Programs},
	Year = 2009}

@inproceedings{BrumleyPSZ2008,
	Author = {David Brumley and Pongsin Poosankam and Dawn Song and Jiang Zheng},
	Booktitle = {IEEE Symposium on Security and Privacy},
	Title = {Automatic Patch-Based Exploit Generation is Possible: Techniques and Implications},
	Year = 2008}

@inproceedings{CaballeroPMBS2010,
	Author = {Juan Caballero and Pongsin Poosankam and Stephen McCamant and Domagoj Babi\'c and Dawn Song},
	Booktitle = {CCS},
	Title = {Input Generation via Decomposition and Re-Stitching: Finding Bugs in Malware},
	Year = 2010}
