@article{yellowpaper,
  title={Ethereum: A secure decentralised generalised transaction ledger},
  author={Wood, Gavin},
  journal={Ethereum Project Yellow Paper},
  year={2014}
}

@article{whitepaper,
  title={Ethereum: A next-generation smart contract and decentralized application platform},
  author={Buterin, Vitalik},
  howpublished = "\url{https://github.com/ethereum/wiki/wiki/White-Paper}",
  year={2014}
}
