%% Created using Papers on Mon, 21 Dec 2015.
%% http://papersapp.com/papers/

@misc{sgxexplained,
    author = {Victor Costan and Srinivas Devadas},
    title = {Intel SGX Explained},
    howpublished = {Cryptology ePrint Archive, Report 2016/086},
    year = {2016},
    note = {\url{http://eprint.iacr.org/}},
}

@manual{sgxmanual,
title = {{Intel(R) Software Guard Extensions Programming Reference}},
author = {{Intel Corp.}},
edition = {329298-002US},
year = {2014}
}

@inproceedings{McKeen:2013jv,
author = {McKeen, Frank and Alexandrovich, Ilya and Berenzon, Alex and Rozas, Carlos V and Shafi, Hisham and Shanbhogue, Vedvyas and Savagaonkar, Uday R},
title = {{Innovative instructions and software model for isolated execution}},
booktitle = {Proceedings of the 2nd International Workshop on Hardware and Architectural Support for Security and Privacy},
year = {2013}
}

@inproceedings{anati2013innovative,
author = {Anati, I and Gueron, S and Johnson, S},
title = {{Innovative technology for CPU based attestation and sealing}},
booktitle = {Proceedings of the 2nd International Workshop on Hardware and Architectural Support for Security and Privacy},
year = {2013}
}

@inproceedings{Phegade:2013km,
author = {Phegade, Vinay and Del Cuvillo, Juan},
title = {{Using innovative instructions to create trustworthy software solutions}},
booktitle = {Proceedings of the 2nd International Workshop on Hardware and Architectural Support for Security and Privacy},
year = {2013},
pages = {1--1},
publisher = {ACM Press},
address = {New York, New York, USA}
}

@misc{sgxsdk,
  title = {{Intel(R) Software Guard Extensions (Intel(R) SGX) SDK}},
  author = {{Intel Corp.}},
  howpublished = "\url{https://software.intel.com/en-us/sgx-sdk}",
  year = {2015}, 
}
